@ARTICLE{hodgson1859,
       author = {{Hodgson}, R.},
        title = "{On a curious Appearance seen in the Sun}",
      journal = {\mnras},
         year = 1859,
        month = nov,
       volume = {20},
        pages = {15-16},
          doi = {10.1093/mnras/20.1.15},
       adsurl = {https://ui.adsabs.harvard.edu/abs/1859MNRAS..20...15H},
      adsnote = {Provided by the SAO/NASA Astrophysics Data System}
}

@ARTICLE{carrington1859,
       author = {{Carrington}, R.~C.},
        title = "{Description of a Singular Appearance seen in the Sun on September 1, 1859}",
      journal = {\mnras},
         year = 1859,
        month = nov,
       volume = {20},
        pages = {13-15},
          doi = {10.1093/mnras/20.1.13},
       adsurl = {https://ui.adsabs.harvard.edu/abs/1859MNRAS..20...13C},
      adsnote = {Provided by the SAO/NASA Astrophysics Data System}
}

@ARTICLE{hey46,
       author = {{Hey}, J.~S.},
        title = "{Solar Radiations in the 4-6 Metre Radio Wave-Length Band}",
      journal = {\nat},
         year = 1946,
        month = jan,
       volume = {157},
       number = {3976},
        pages = {47-48},
          doi = {10.1038/157047b0},
       adsurl = {https://ui.adsabs.harvard.edu/abs/1946Natur.157...47H},
      adsnote = {Provided by the SAO/NASA Astrophysics Data System}
}

@ARTICLE{peterson59,
       author = {{Peterson}, L.~E. and {Winckler}, J.~R.},
        title = "{Gamma-Ray Burst from a Solar Flare}",
      journal = {\jgr},
         year = 1959,
        month = jul,
       volume = {64},
       number = {7},
        pages = {697-707},
          doi = {10.1029/JZ064i007p00697},
       adsurl = {https://ui.adsabs.harvard.edu/abs/1959JGR....64..697P},
      adsnote = {Provided by the SAO/NASA Astrophysics Data System}
}

@ARTICLE{brown71,
       author = {{Brown}, John C.},
        title = "{The Deduction of Energy Spectra of Non-Thermal Electrons in Flares from the Observed Dynamic Spectra of Hard X-Ray Bursts}",
      journal = {\solphys},
     keywords = {Flare, Energy Spectrum, Trap Electron, Dynamic Spectrum, Electron Source},
         year = 1971,
        month = jul,
       volume = {18},
       number = {3},
        pages = {489-502},
          doi = {10.1007/BF00149070},
       adsurl = {https://ui.adsabs.harvard.edu/abs/1971SoPh...18..489B},
      adsnote = {Provided by the SAO/NASA Astrophysics Data System}
}

@ARTICLE{neupert68,
       author = {{Neupert}, Werner M.},
        title = "{Comparison of Solar X-Ray Line Emission with Microwave Emission during Flares}",
      journal = {\apjl},
         year = 1968,
        month = jul,
       volume = {153},
        pages = {L59},
          doi = {10.1086/180220},
       adsurl = {https://ui.adsabs.harvard.edu/abs/1968ApJ...153L..59N},
      adsnote = {Provided by the SAO/NASA Astrophysics Data System}
}

@ARTICLE{veronig04,
       author = {{Veronig}, Astrid M. and {Brown}, John C.},
        title = "{A Coronal Thick-Target Interpretation of Two Hard X-Ray Loop Events}",
      journal = {\apjl},
     keywords = {Sun: Flares, Sun: X-Rays, Gamma Rays},
         year = 2004,
        month = mar,
       volume = {603},
       number = {2},
        pages = {L117-L120},
          doi = {10.1086/383199},
       adsurl = {https://ui.adsabs.harvard.edu/abs/2004ApJ...603L.117V},
      adsnote = {Provided by the SAO/NASA Astrophysics Data System}
}

@ARTICLE{veronig02,
       author = {{Veronig}, A. and {Vr{\v{s}}nak}, B. and {Dennis}, B.~R. and {Temmer}, M. and {Hanslmeier}, A. and {Magdaleni{\'c}}, J.},
        title = "{Investigation of the Neupert effect in solar flares. I. Statistical properties and the evaporation model}",
      journal = {\aap},
     keywords = {Sun: flares, Sun: X-rays, gamma rays, Sun: corona, Sun: chromosphere, methods: statistical, Astrophysics},
         year = 2002,
        month = sep,
       volume = {392},
        pages = {699-712},
          doi = {10.1051/0004-6361:20020947},
archivePrefix = {arXiv},
       eprint = {astro-ph/0207217},
 primaryClass = {astro-ph},
       adsurl = {https://ui.adsabs.harvard.edu/abs/2002A&A...392..699V},
      adsnote = {Provided by the SAO/NASA Astrophysics Data System}
}

@ARTICLE{strong84,
       author = {{Strong}, K.~T. and {Benz}, A.~O. and {Dennis}, B.~R. and {Leibacher}, J.~W. and {Mewe}, R. and {Poland}, A.~I. and {Schrijver}, J. and {Simnett}, G. and {Smith}, J.~B., Jr. and {Sylwester}, J.},
        title = "{A Multiwavelength Study of a Double Impulsive Flare}",
      journal = {\solphys},
     keywords = {Solar Flares, Solar X-Rays, Energy Budgets, Light Curve, Solar Corona, Solar Magnetic Field, Solar Maximum Mission, Solar Spectra, Solar Physics, Flare, Coronal Plasma, Impulsive Phase, Gradual Phasis, Solar Maximum Mission},
         year = 1984,
        month = apr,
       volume = {91},
       number = {2},
        pages = {325-344},
          doi = {10.1007/BF00146303},
       adsurl = {https://ui.adsabs.harvard.edu/abs/1984SoPh...91..325S},
      adsnote = {Provided by the SAO/NASA Astrophysics Data System}
}

@ARTICLE{bone07,
       author = {{Bone}, L. and {Brown}, J.~C. and {Fletcher}, L. and {Veronig}, A. and {White}, S.},
        title = "{Birth and evolution of a dense coronal loop in a complex flare region}",
      journal = {\aap},
     keywords = {Sun: activity, Sun: flares, Sun: radio radiation, Sun: X-rays, gamma rays},
         year = 2007,
        month = apr,
       volume = {466},
       number = {1},
        pages = {339-346},
          doi = {10.1051/0004-6361:20065129},
       adsurl = {https://ui.adsabs.harvard.edu/abs/2007A&A...466..339B},
      adsnote = {Provided by the SAO/NASA Astrophysics Data System}
}

@ARTICLE{emslie12,
       author = {{Emslie}, A.~G. and {Dennis}, B.~R. and {Shih}, A.~Y. and {Chamberlin}, P.~C. and {Mewaldt}, R.~A. and {Moore}, C.~S. and {Share}, G.~H. and {Vourlidas}, A. and {Welsch}, B.~T.},
        title = "{Global Energetics of Thirty-eight Large Solar Eruptive Events}",
      journal = {\apj},
     keywords = {Sun: activity, Sun: coronal mass ejections: CMEs, Sun: flares, Sun: particle emission, Sun: X-rays, gamma rays, Astrophysics - Solar and Stellar Astrophysics},
         year = 2012,
        month = nov,
       volume = {759},
       number = {1},
          eid = {71},
        pages = {71},
          doi = {10.1088/0004-637X/759/1/71},
archivePrefix = {arXiv},
       eprint = {1209.2654},
 primaryClass = {astro-ph.SR},
       adsurl = {https://ui.adsabs.harvard.edu/abs/2012ApJ...759...71E},
      adsnote = {Provided by the SAO/NASA Astrophysics Data System}
}

@ARTICLE{ash17,
       author = {{Aschwanden}, Markus J. and {Caspi}, Amir and {Cohen}, Christina M.~S. and {Holman}, Gordon and {Jing}, Ju and {Kretzschmar}, Matthieu and {Kontar}, Eduard P. and {McTiernan}, James M. and {Mewaldt}, Richard A. and {O'Flannagain}, Aidan and {Richardson}, Ian G. and {Ryan}, Daniel and {Warren}, Harry P. and {Xu}, Yan},
        title = "{Global Energetics of Solar Flares. V. Energy Closure in Flares and Coronal Mass Ejections}",
      journal = {\apj},
     keywords = {Sun: activity, Sun: coronal mass ejections: CMEs, Sun: flares, Sun: particle emission, Sun: UV radiation, Sun: X-rays, gamma rays, Astrophysics - Solar and Stellar Astrophysics},
         year = 2017,
        month = feb,
       volume = {836},
       number = {1},
          eid = {17},
        pages = {17},
          doi = {10.3847/1538-4357/836/1/17},
archivePrefix = {arXiv},
       eprint = {1701.01176},
 primaryClass = {astro-ph.SR},
       adsurl = {https://ui.adsabs.harvard.edu/abs/2017ApJ...836...17A},
      adsnote = {Provided by the SAO/NASA Astrophysics Data System}
}

@ARTICLE{stosire07,
       author = {{Stoiser}, S. and {Veronig}, A.~M. and {Aurass}, H. and {Hanslmeier}, A.},
        title = "{RHESSI Microflares: I. X-Ray Properties and Multiwavelength Characteristics}",
      journal = {\solphys},
     keywords = {Sun: flares, Sun: X-rays, Sun: corona},
         year = 2007,
        month = dec,
       volume = {246},
       number = {2},
        pages = {339-364},
          doi = {10.1007/s11207-007-9066-7},
       adsurl = {https://ui.adsabs.harvard.edu/abs/2007SoPh..246..339S},
      adsnote = {Provided by the SAO/NASA Astrophysics Data System}
}

@ARTICLE{inglis14,
       author = {{Inglis}, A.~R. and {Christe}, S.},
        title = "{Investigating the Differential Emission Measure and Energetics of Microflares with Combined SDO/AIA and RHESSI observations}",
      journal = {\apj},
     keywords = {Sun: corona, Sun: flares, Sun: UV radiation, Sun: X-rays, gamma rays, Astrophysics - Solar and Stellar Astrophysics},
         year = 2014,
        month = jul,
       volume = {789},
       number = {2},
          eid = {116},
        pages = {116},
          doi = {10.1088/0004-637X/789/2/116},
archivePrefix = {arXiv},
       eprint = {1405.5262},
 primaryClass = {astro-ph.SR},
       adsurl = {https://ui.adsabs.harvard.edu/abs/2014ApJ...789..116I},
      adsnote = {Provided by the SAO/NASA Astrophysics Data System}
}

@ARTICLE{warmuth16a,
       author = {{Warmuth}, A. and {Mann}, G.},
        title = "{Constraints on energy release in solar flares from RHESSI and GOES X-ray observations. I. Physical parameters and scalings}",
      journal = {\aap},
     keywords = {Sun: flares, Sun: X-rays, gamma rays, acceleration of particles},
         year = 2016,
        month = apr,
       volume = {588},
          eid = {A115},
        pages = {A115},
          doi = {10.1051/0004-6361/201527474},
       adsurl = {https://ui.adsabs.harvard.edu/abs/2016A&A...588A.115W},
      adsnote = {Provided by the SAO/NASA Astrophysics Data System}
}

@ARTICLE{warmuth16b,
       author = {{Warmuth}, A. and {Mann}, G.},
        title = "{Constraints on energy release in solar flares from RHESSI and GOES X-ray observations. II. Energetics and energy partition}",
      journal = {\aap},
     keywords = {Sun: flares, Sun: X-rays, gamma rays, acceleration of particles},
         year = 2016,
        month = apr,
       volume = {588},
          eid = {A116},
        pages = {A116},
          doi = {10.1051/0004-6361/201527475},
       adsurl = {https://ui.adsabs.harvard.edu/abs/2016A&A...588A.116W},
      adsnote = {Provided by the SAO/NASA Astrophysics Data System}
}


@ARTICLE{Nei_1989,
       author = {{Neidig}, Donald F.},
        title = "{The Importance of Solar White-Light Flares}",
      journal = {\solphys},
     keywords = {Light (Visible Radiation), Solar Flares, Stellar Spectrophotometry, Chromosphere, Energy Transfer, Photosphere, Radiative Transfer, Solar Physics},
         year = 1989,
        month = mar,
       volume = {121},
       number = {1-2},
        pages = {261-269},
          doi = {10.1007/BF00161699},
       adsurl = {https://ui.adsabs.harvard.edu/abs/1989SoPh..121..261N},
      adsnote = {Provided by the SAO/NASA Astrophysics Data System}
}

@ARTICLE{adityal1,
       author = {{Seetha}, S. and {Megala}, S.},
        title = "{Aditya-L1 mission}",
      journal = {Current Science},
         year = 2017,
        month = aug,
       volume = {113},
       number = {4},
        pages = {610},
       adsurl = {https://ui.adsabs.harvard.edu/abs/2017CSci..113..610S},
      adsnote = {Provided by the SAO/NASA Astrophysics Data System}
}

@article{article,
author = {Tripathi, Durgesh and Ramaprakash, Anamparambu and Khan, Aafaque and Ghosh, Avyarthana and Chatterjee, Subhamoy and Banerjee, Dipankar and Chordia, Pravin and Gandorfer, Achim and Krivova, Natalie and Nandy, Dibyendu and Rajarshi, Chaitanya and Solanki, Sami},
year = {2017},
month = {08},
pages = {616-619},
title = {The Solar Ultraviolet Imaging Telescope On-Board Aditya-L1},
volume = {113},
journal = {Current Science},
doi = {10.18520/cs/v113/i04/616-619}
}

@inproceedings{ghosh16,
author = {Avyarthana Ghosh and Subhamoy Chatterjee and Aafaque R. Khan and Durgesh Tripathi and A. N. Ramaprakash and Dipankar Banerjee and Pravin Chordia and Achim M. Gandorfer and Natalie Krivova and Dibyendu Nandy and Chaitanya Rajarshi and Sami K. Solanki and S. Sriram},
title = {{The Solar Ultraviolet Imaging Telescope onboard Aditya-L1}},
volume = {9905},
booktitle = {Space Telescopes and Instrumentation 2016: Ultraviolet to Gamma Ray},
editor = {Jan-Willem A. den Herder and Tadayuki Takahashi and Marshall Bautz},
organization = {International Society for Optics and Photonics},
publisher = {SPIE},
pages = {10 -- 20},
keywords = {Aditya L1, Ultravoilet , Solar Dynamics, Sun , Chromosphere , Sun-Climate , Space weather, Solar spectral variability},
year = {2016},
doi = {10.1117/12.2232266},
URL = {https://doi.org/10.1117/12.2232266}
}

@ARTICLE{iris,
       author = {{De Pontieu}, B. and {Title}, A.~M. and {Lemen}, J.~R. and {Kushner}, G.~D. and {Akin}, D.~J. and {Allard}, B. and {Berger}, T. and {Boerner}, P. and {Cheung}, M. and {Chou}, C. and {Drake}, J.~F. and {Duncan}, D.~W. and {Freeland}, S. and {Heyman}, G.~F. and {Hoffman}, C. and {Hurlburt}, N.~E. and {Lindgren}, R.~W. and {Mathur}, D. and {Rehse}, R. and {Sabolish}, D. and {Seguin}, R. and {Schrijver}, C.~J. and {Tarbell}, T.~D. and {W{\"u}lser}, J. -P. and {Wolfson}, C.~J. and {Yanari}, C. and {Mudge}, J. and {Nguyen-Phuc}, N. and {Timmons}, R. and {van Bezooijen}, R. and {Weingrod}, I. and {Brookner}, R. and {Butcher}, G. and {Dougherty}, B. and {Eder}, J. and {Knagenhjelm}, V. and {Larsen}, S. and {Mansir}, D. and {Phan}, L. and {Boyle}, P. and {Cheimets}, P.~N. and {DeLuca}, E.~E. and {Golub}, L. and {Gates}, R. and {Hertz}, E. and {McKillop}, S. and {Park}, S. and {Perry}, T. and {Podgorski}, W.~A. and {Reeves}, K. and {Saar}, S. and {Testa}, P. and {Tian}, H. and {Weber}, M. and {Dunn}, C. and {Eccles}, S. and {Jaeggli}, S.~A. and {Kankelborg}, C.~C. and {Mashburn}, K. and {Pust}, N. and {Springer}, L. and {Carvalho}, R. and {Kleint}, L. and {Marmie}, J. and {Mazmanian}, E. and {Pereira}, T.~M.~D. and {Sawyer}, S. and {Strong}, J. and {Worden}, S.~P. and {Carlsson}, M. and {Hansteen}, V.~H. and {Leenaarts}, J. and {Wiesmann}, M. and {Aloise}, J. and {Chu}, K. -C. and {Bush}, R.~I. and {Scherrer}, P.~H. and {Brekke}, P. and {Martinez-Sykora}, J. and {Lites}, B.~W. and {McIntosh}, S.~W. and {Uitenbroek}, H. and {Okamoto}, T.~J. and {Gummin}, M.~A. and {Auker}, G. and {Jerram}, P. and {Pool}, P. and {Waltham}, N.},
        title = "{The Interface Region Imaging Spectrograph (IRIS)}",
      journal = {\solphys},
     keywords = {Heating, chromospheric, coronal, Chromosphere, models, active, Corona, Magnetic fields, chromosphere, Instrumentation and data management, Spectrum, ultraviolet, Astrophysics - Solar and Stellar Astrophysics},
         year = 2014,
        month = jul,
       volume = {289},
       number = {7},
        pages = {2733-2779},
          doi = {10.1007/s11207-014-0485-y},
archivePrefix = {arXiv},
       eprint = {1401.2491},
 primaryClass = {astro-ph.SR},
       adsurl = {https://ui.adsabs.harvard.edu/abs/2014SoPh..289.2733D},
      adsnote = {Provided by the SAO/NASA Astrophysics Data System}
}

@ARTICLE{hmi,
       author = {{Scherrer}, P.~H. and {Schou}, J. and {Bush}, R.~I. and {Kosovichev}, A.~G. and {Bogart}, R.~S. and {Hoeksema}, J.~T. and {Liu}, Y. and {Duvall}, T.~L. and {Zhao}, J. and {Title}, A.~M. and {Schrijver}, C.~J. and {Tarbell}, T.~D. and {Tomczyk}, S.},
        title = "{The Helioseismic and Magnetic Imager (HMI) Investigation for the Solar Dynamics Observatory (SDO)}",
      journal = {\solphys},
         year = 2012,
        month = jan,
       volume = {275},
       number = {1-2},
        pages = {207-227},
          doi = {10.1007/s11207-011-9834-2},
       adsurl = {https://ui.adsabs.harvard.edu/abs/2012SoPh..275..207S},
      adsnote = {Provided by the SAO/NASA Astrophysics Data System}
}



@Article{aia,
author={Lemen, James R.
and Title, Alan M.
and Akin, David J.
and Boerner, Paul F.
and Chou, Catherine
and Drake, Jerry F.
and Duncan, Dexter W.
and Edwards, Christopher G.
and Friedlaender, Frank M.
and Heyman, Gary F.
and Hurlburt, Neal E.
and Katz, Noah L.
and Kushner, Gary D.
and Levay, Michael
and Lindgren, Russell W.
and Mathur, Dnyanesh P.
and McFeaters, Edward L.
and Mitchell, Sarah
and Rehse, Roger A.
and Schrijver, Carolus J.
and Springer, Larry A.
and Stern, Robert A.
and Tarbell, Theodore D.
and Wuelser, Jean-Pierre
and Wolfson, C. Jacob
and Yanari, Carl
and Bookbinder, Jay A.
and Cheimets, Peter N.
and Caldwell, David
and Deluca, Edward E.
and Gates, Richard
and Golub, Leon
and Park, Sang
and Podgorski, William A.
and Bush, Rock I.
and Scherrer, Philip H.
and Gummin, Mark A.
and Smith, Peter
and Auker, Gary
and Jerram, Paul
and Pool, Peter
and Soufli, Regina
and Windt, David L.
and Beardsley, Sarah
and Clapp, Matthew
and Lang, James
and Waltham, Nicholas},
title={The Atmospheric Imaging Assembly (AIA) on the Solar Dynamics Observatory (SDO)},
journal={Solar Physics},
year={2012},
month={Jan},
day={01},
volume={275},
number={1},
pages={17-40},
abstract={The Atmospheric Imaging Assembly (AIA) provides multiple simultaneous high-resolution full-disk images of the corona and transition region up to 0.5 R⊙ above the solar limb with 1.5-arcsec spatial resolution and 12-second temporal resolution. The AIA consists of four telescopes that employ normal-incidence, multilayer-coated optics to provide narrow-band imaging of seven extreme ultraviolet (EUV) band passes centered on specific lines: Fe xviii (94 {\AA}), Fe viii, xxi (131 {\AA}), Fe ix (171 {\AA}), Fe xii, xxiv (193 {\AA}), Fe xiv (211 {\AA}), He ii (304 {\AA}), and Fe xvi (335 {\AA}). One telescope observes C iv (near 1600 {\AA}) and the nearby continuum (1700 {\AA}) and has a filter that observes in the visible to enable coalignment with images from other telescopes. The temperature diagnostics of the EUV emissions cover the range from 6{\texttimes}104 K to 2{\texttimes}107 K. The AIA was launched as a part of NASA's Solar Dynamics Observatory (SDO) mission on 11 February 2010. AIA will advance our understanding of the mechanisms of solar variability and of how the Sun's energy is stored and released into the heliosphere and geospace.},
issn={1573-093X},
doi={10.1007/s11207-011-9776-8},
url={https://doi.org/10.1007/s11207-011-9776-8}
}

@ARTICLE{sdo,
       author = {{Pesnell}, W. Dean and {Thompson}, B.~J. and {Chamberlin}, P.~C.},
        title = "{The Solar Dynamics Observatory (SDO)}",
      journal = {\solphys},
     keywords = {SDO, Solar cycle, Helioseismology, Coronal, Space weather},
         year = 2012,
        month = jan,
       volume = {275},
       number = {1-2},
        pages = {3-15},
          doi = {10.1007/s11207-011-9841-3},
       adsurl = {https://ui.adsabs.harvard.edu/abs/2012SoPh..275....3P},
      adsnote = {Provided by the SAO/NASA Astrophysics Data System}
}

@INPROCEEDINGS{hydrad,
       author = {{Bradshaw}, S.~J. and {Cargill}, P.},
        title = "{HYDRAD: a Hydrodynamics Code for Time-Dependent Ionisation and Forward Modelling of EUV Emission from the Solar Atmosphere}",
     keywords = {7509 Corona, 7519 Flares, 7546 Transition region, 7549 Ultraviolet emissions},
    booktitle = {AGU Spring Meeting Abstracts},
         year = 2005,
       volume = {2005},
        month = may,
          eid = {SP14A-01},
        pages = {SP14A-01},
       adsurl = {https://ui.adsabs.harvard.edu/abs/2005AGUSMSP14A..01B},
      adsnote = {Provided by the SAO/NASA Astrophysics Data System}
}

@ARTICLE{atlas9,
       author = {{Kurucz}, Robert},
        title = "{ATLAS9 Stellar Atmosphere Programs and 2 km/s grid.}",
      journal = {ATLAS9 Stellar Atmosphere Programs and 2 km/s grid. Kurucz CD-ROM No. 13. Cambridge},
         year = 1993,
        month = jan,
       volume = {13},
       adsurl = {https://ui.adsabs.harvard.edu/abs/1993KurCD..13.....K},
      adsnote = {Provided by the SAO/NASA Astrophysics Data System}
}

@ARTICLE{muram,
       author = {{V{\"o}gler}, A. and {Shelyag}, S. and {Sch{\"u}ssler}, M. and {Cattaneo}, F. and {Emonet}, T. and {Linde}, T.},
        title = "{Simulations of magneto-convection in the solar photosphere.  Equations, methods, and results of the MURaM code}",
      journal = {\aap},
     keywords = {magnetohydrodynamics (MHD), Sun: magnetic fields, Sun: photosphere, Sun: granulation, Sun: faculae, plages},
         year = 2005,
        month = jan,
       volume = {429},
        pages = {335-351},
          doi = {10.1051/0004-6361:20041507},
       adsurl = {https://ui.adsabs.harvard.edu/abs/2005A&A...429..335V},
      adsnote = {Provided by the SAO/NASA Astrophysics Data System}
}

@ARTICLE{metcalf95,
       author = {{Metcalf}, Thomas R. and {Jiao}, Litao and {McClymont}, Alexander N. and {Canfield}, Richard C. and {Uitenbroek}, Han},
        title = "{Is the Solar Chromospheric Magnetic Field Force-free?}",
      journal = {\apj},
     keywords = {Chromosphere, Force-Free Magnetic Fields, Line Spectra, Photosphere, Polarimetry, Sodium, Solar Magnetic Field, Lorentz Force, Magnetic Signatures, Solar Physics, SUN: MAGNETIC FIELDS, SUN: CHROMOSPHERE, MAGNETOHYDRODYNAMICS: MHD, POLARIZATION},
         year = 1995,
        month = jan,
       volume = {439},
        pages = {474},
          doi = {10.1086/175188},
       adsurl = {https://ui.adsabs.harvard.edu/abs/1995ApJ...439..474M},
      adsnote = {Provided by the SAO/NASA Astrophysics Data System}
}

@ARTICLE{metcalf05,
       author = {{Metcalf}, Thomas R. and {Leka}, K.~D. and {Mickey}, D.~L.},
        title = "{Magnetic Free Energy in NOAA Active Region 10486 on 2003 October 29}",
      journal = {\apjl},
     keywords = {Sun: Chromosphere, Sun: Corona, Sun: Flares, Sun: Magnetic Fields},
         year = 2005,
        month = apr,
       volume = {623},
       number = {1},
        pages = {L53-L56},
          doi = {10.1086/429961},
       adsurl = {https://ui.adsabs.harvard.edu/abs/2005ApJ...623L..53M},
      adsnote = {Provided by the SAO/NASA Astrophysics Data System}
}

@ARTICLE{schrijver08,
       author = {{Schrijver}, C.~J. and {DeRosa}, M.~L. and {Metcalf}, T. and {Barnes}, G. and {Lites}, B. and {Tarbell}, T. and {McTiernan}, J. and {Valori}, G. and {Wiegelmann}, T. and {Wheatland}, M.~S. and {Amari}, T. and {Aulanier}, G. and {D{\'e}moulin}, P. and {Fuhrmann}, M. and {Kusano}, K. and {R{\'e}gnier}, S. and {Thalmann}, J.~K.},
        title = "{Nonlinear Force-free Field Modeling of a Solar Active Region around the Time of a Major Flare and Coronal Mass Ejection}",
      journal = {\apj},
     keywords = {Sun: activity, Sun: corona, Sun: flares, Sun: magnetic fields, Astrophysics},
         year = 2008,
        month = mar,
       volume = {675},
       number = {2},
        pages = {1637-1644},
          doi = {10.1086/527413},
archivePrefix = {arXiv},
       eprint = {0712.0023},
 primaryClass = {astro-ph},
       adsurl = {https://ui.adsabs.harvard.edu/abs/2008ApJ...675.1637S},
      adsnote = {Provided by the SAO/NASA Astrophysics Data System}
}

@article{jing08,
	doi = {10.1086/587058},
	url = {https://doi.org/10.1086/587058},
	year = 2008,
	month = {mar},
	publisher = {American Astronomical Society},
	volume = {676},
	number = {1},
	pages = {L81--L84},
	author = {Ju Jing and Thomas Wiegelmann and Yoshinori Suematsu and Masahito Kubo and Haimin Wang},
	title = {Changes of Magnetic Structure in Three Dimensions Associated with the X3.4 Flare of 2006 December 13},
	journal = {The Astrophysical Journal},
	abstract = {Recent observations demonstrated that sunspot structure can change rapidly and irreversibly after flares. One of the most puzzling results is the increase in magnetic shear around the flaring magnetic polarity inversion line after flares. However, all these observations were made at the photosphere level. In this Letter, we study the altitude variation of the nonpotentiality of the magnetic fields associated with the 4B/X3.4 flare of 2006 December 13. The vector magnetograms with unprecedented quality from Hinode before and after the flare are used as the boundary conditions to extrapolate the three-dimensional nonlinear force-free magnetic fields and the potential fields. The former are computed with the optimization algorithm and the latter with the Green’s function method. At the photosphere boundary, magnetic shear increases after the flare in a local area close to the flaring magnetic polarity inversion line. Two measures of the magnetic nonpotentiality, the weighted mean shear θw and the total magnetic shear θwB, are calculated in this area at progressively higher altitude. By comparing their altitude variation profiles before and after the flare, we find that the nonpotentiality of the local area increases after the flare below ~8 Mm and decreases from that height to ~70 Mm. Beyond 70 Mm, the magnetic fields approach potential for both times.}
}

@INPROCEEDINGS{woods06,
       author = {{Woods}, T.~N. and {Kopp}, G.},
        title = "{Contributions of the Solar Ultraviolet Irradiance to the Total Solar Irradiance During Large Flares}",
     keywords = {0358 Thermosphere: energy deposition (3369), 2479 Solar radiation and cosmic ray effects, 7519 Flares, 7538 Solar irradiance},
    booktitle = {AGU Fall Meeting Abstracts},
         year = 2005,
       volume = {2005},
        month = dec,
          eid = {SA33A-07},
        pages = {SA33A-07},
       adsurl = {https://ui.adsabs.harvard.edu/abs/2005AGUFMSA33A..07W},
      adsnote = {Provided by the SAO/NASA Astrophysics Data System}
}

@ARTICLE{woods04,
       author = {{Woods}, Thomas N. and {Eparvier}, Francis G. and {Fontenla}, Juan and {Harder}, Jerald and {Kopp}, Greg and {McClintock}, William E. and {Rottman}, Gary and {Smiley}, Byron and {Snow}, Martin},
        title = "{Solar irradiance variability during the October 2003 solar storm period}",
      journal = {\grl},
     keywords = {Atmospheric Composition and Structure: Middle atmosphere-energy deposition, Solar Physics, Astrophysics, and Astronomy: Flares, and Astronomy: Solar irradiance, and Astronomy: Ultraviolet emissions},
         year = 2004,
        month = may,
       volume = {31},
       number = {10},
          eid = {L10802},
        pages = {L10802},
          doi = {10.1029/2004GL019571},
       adsurl = {https://ui.adsabs.harvard.edu/abs/2004GeoRL..3110802W},
      adsnote = {Provided by the SAO/NASA Astrophysics Data System}
}



@ARTICLE{holeman11,
       author = {{Holman}, G.~D. and {Aschwanden}, M.~J. and {Aurass}, H. and {Battaglia}, M. and {Grigis}, P.~C. and {Kontar}, E.~P. and {Liu}, W. and {Saint-Hilaire}, P. and {Zharkova}, V.~V.},
        title = "{Implications of X-ray Observations for Electron Acceleration and Propagation in Solar Flares}",
      journal = {\ssr},
     keywords = {Sun: flares, Sun: X-rays, Gamma rays, Sun: radio radiation, Astrophysics - Solar and Stellar Astrophysics, Astrophysics - Earth and Planetary Astrophysics, Physics - Plasma Physics, Physics - Space Physics},
         year = 2011,
        month = sep,
       volume = {159},
       number = {1-4},
        pages = {107-166},
          doi = {10.1007/s11214-010-9680-9},
archivePrefix = {arXiv},
       eprint = {1109.6496},
 primaryClass = {astro-ph.SR},
       adsurl = {https://ui.adsabs.harvard.edu/abs/2011SSRv..159..107H},
      adsnote = {Provided by the SAO/NASA Astrophysics Data System}
}

@inbook{phillips_08, place={Cambridge}, series={Cambridge Astrophysics}, title={The solar atmosphere}, DOI={10.1017/CBO9780511585968.002}, booktitle={Ultraviolet and X-ray Spectroscopy of the Solar Atmosphere}, publisher={Cambridge University Press}, author={Phillips, Kenneth J. H. and Feldman, Uri and Landi, Enrico}, year={2008}, pages={1–30}, collection={Cambridge Astrophysics}}

@ARTICLE{lean2000,
       author = {{Lean}, Judith},
        title = "{Evolution of the Sun's Spectral Irradiance Since the Maunder Minimum}",
      journal = {\grl},
     keywords = {Global Change: Solar variability, Solar Physics, Astrophysics, and Astronomy: Solar and stellar variability, Solar Physics, Astrophysics, and Astronomy: Solar irradiance},
         year = 2000,
        month = aug,
       volume = {27},
       number = {16},
        pages = {2425-2428},
          doi = {10.1029/2000GL000043},
       adsurl = {https://ui.adsabs.harvard.edu/abs/2000GeoRL..27.2425L},
      adsnote = {Provided by the SAO/NASA Astrophysics Data System}
}

@ARTICLE{sharma16,
       author = {{Sharma}, Rohit and {Tripathi}, Durgesh and {Isobe}, Hiroaki and {Ghosh}, Avyarthana},
        title = "{On the Bright Loop Top Emission in Post-eruption Arcades}",
      journal = {\apj},
     keywords = {Sun: flares, Sun: UV radiation, Astrophysics - Solar and Stellar Astrophysics},
         year = 2016,
        month = may,
       volume = {823},
       number = {1},
          eid = {47},
        pages = {47},
          doi = {10.3847/0004-637X/823/1/47},
archivePrefix = {arXiv},
       eprint = {1603.04959},
 primaryClass = {astro-ph.SR},
       adsurl = {https://ui.adsabs.harvard.edu/abs/2016ApJ...823...47S},
      adsnote = {Provided by the SAO/NASA Astrophysics Data System}
}

@ARTICLE{bradshaw13,
       author = {{Bradshaw}, S.~J. and {Cargill}, P.~J.},
        title = "{The Influence of Numerical Resolution on Coronal Density in Hydrodynamic Models of Impulsive Heating}",
      journal = {\apj},
     keywords = {Sun: corona, Astrophysics - Solar and Stellar Astrophysics},
         year = 2013,
        month = jun,
       volume = {770},
       number = {1},
          eid = {12},
        pages = {12},
          doi = {10.1088/0004-637X/770/1/12},
archivePrefix = {arXiv},
       eprint = {1305.1902},
 primaryClass = {astro-ph.SR},
       adsurl = {https://ui.adsabs.harvard.edu/abs/2013ApJ...770...12B},
      adsnote = {Provided by the SAO/NASA Astrophysics Data System}
}

@ARTICLE{hoyng81,
       author = {{Hoyng}, P. and {Duijveman}, A. and {Machado}, M.~E. and {Rust}, D.~M. and {Svestka}, Z. and {Boelee}, A. and {de Jager}, C. and {Frost}, K.~T. and {Lafleur}, H. and {Simnett}, G.~M. and {van Beek}, H.~F. and {Woodgate}, B.~E.},
        title = "{Origin and Location of the Hard X-Ray Emission in a Two-Ribbon Flare}",
      journal = {\apjl},
         year = 1981,
        month = jun,
       volume = {246},
        pages = {L155},
          doi = {10.1086/183574},
       adsurl = {https://ui.adsabs.harvard.edu/abs/1981ApJ...246L.155H},
      adsnote = {Provided by the SAO/NASA Astrophysics Data System}
}

@ARTICLE{kane83,
       author = {{Kane}, S.~R.},
        title = "{Spatial structure of high energy photon sources in solar flares}",
      journal = {\solphys},
     keywords = {Energetic Particles, Photons, Solar Flares, Solar X-Rays, Stellar Models, Nonthermal Radiation, Pioneer Venus 1 Spacecraft, Spaceborne Astronomy, Spatial Distribution, Temporal Resolution, X Ray Spectra, Solar Physics},
         year = 1983,
        month = jul,
       volume = {86},
       number = {1-2},
        pages = {355-365},
          doi = {10.1007/BF00157209},
       adsurl = {https://ui.adsabs.harvard.edu/abs/1983SoPh...86..355K},
      adsnote = {Provided by the SAO/NASA Astrophysics Data System}
}

@ARTICLE{brown83,
       author = {{Brown}, J.~C. and {Carlaw}, V.~A. and {Cromwell}, D. and {Kane}, S.~R.},
        title = "{A Comparison of the Thick Target Model with Stereo Data on the Height Structure of Solar Hard X-Ray Bursts}",
      journal = {\solphys},
     keywords = {Height, Solar Activity, Solar X-Rays, X Ray Astronomy, Astronomical Models, Bremsstrahlung, Chromosphere, Occultation, Solar Corona, Spaceborne Astronomy, Solar Physics},
         year = 1983,
        month = oct,
       volume = {88},
       number = {1-2},
        pages = {281-295},
          doi = {10.1007/BF00196193},
       adsurl = {https://ui.adsabs.harvard.edu/abs/1983SoPh...88..281B},
      adsnote = {Provided by the SAO/NASA Astrophysics Data System}
}

@ARTICLE{neupert68,
       author = {{Neupert}, Werner M.},
        title = "{Comparison of Solar X-Ray Line Emission with Microwave Emission during Flares}",
      journal = {\apjl},
         year = 1968,
        month = jul,
       volume = {153},
        pages = {L59},
          doi = {10.1086/180220},
       adsurl = {https://ui.adsabs.harvard.edu/abs/1968ApJ...153L..59N},
      adsnote = {Provided by the SAO/NASA Astrophysics Data System}
}

@ARTICLE{dennis93,
       author = {{Dennis}, Brian R. and {Zarro}, Dominic M.},
        title = "{The Neupert Effect - what can it Tell up about the Impulsive and Gradual Phases of Solar Flares}",
      journal = {\solphys},
     keywords = {Microwaves, Solar Flares, Solar Radio Emission, Solar X-Rays, Light Curve, Solar Spectra, Temporal Distribution, X Ray Astronomy, X Ray Spectra, Solar Physics},
         year = 1993,
        month = jul,
       volume = {146},
       number = {1},
        pages = {177-190},
          doi = {10.1007/BF00662178},
       adsurl = {https://ui.adsabs.harvard.edu/abs/1993SoPh..146..177D},
      adsnote = {Provided by the SAO/NASA Astrophysics Data System}
}

@ARTICLE{doscheck80,
       author = {{Doschek}, G.~A. and {Feldman}, U. and {Kreplin}, R.~W. and {Cohen}, L.},
        title = "{High-resolution X-ray spectra of solar flares. III - General spectral properties of X1-X5 type flares}",
      journal = {\apj},
     keywords = {Solar Flares, Solar Spectra, Solar Wind, Solar X-Rays, X Ray Spectra, Abundance, High Resolution, Line Spectra, Plasma Diagnostics, Spectrometers, Solar Physics},
         year = 1980,
        month = jul,
       volume = {239},
        pages = {725-737},
          doi = {10.1086/158158},
       adsurl = {https://ui.adsabs.harvard.edu/abs/1980ApJ...239..725D},
      adsnote = {Provided by the SAO/NASA Astrophysics Data System}
}

@ARTICLE{feldman80,
       author = {{Feldman}, U. and {Doschek}, G.~A. and {Kreplin}, R.~W. and {Mariska}, J.~T.},
        title = "{High-resolution X-ray spectra of solar flares. IV - General spectral properties of M type flares}",
      journal = {\apj},
     keywords = {Solar Flares, Solar Spectra, Solar X-Rays, X Ray Spectra, Electron Energy, High Resolution, Spectral Line Width, Solar Physics},
         year = 1980,
        month = nov,
       volume = {241},
        pages = {1175-1185},
          doi = {10.1086/158434},
       adsurl = {https://ui.adsabs.harvard.edu/abs/1980ApJ...241.1175F},
      adsnote = {Provided by the SAO/NASA Astrophysics Data System}
}

@ARTICLE{antonucci82,
       author = {{Antonucci}, E. and {Gabriel}, A.~H. and {Acton}, L.~W. and {Culhane}, J.~L. and {Doyle}, J.~G. and {Leibacher}, J.~W. and {Machado}, M.~E. and {Orwig}, L.~E. and {Rapley}, C.~G.},
        title = "{Impulsive Phase of Flares in Soft X-Ray Emission}",
      journal = {\solphys},
     keywords = {Solar Flares, Solar Spectra, Solar X-Rays, Calcium, Iron, Solar Maximum Mission, X Ray Spectra, Solar Physics},
         year = 1982,
        month = may,
       volume = {78},
       number = {1},
        pages = {107-123},
          doi = {10.1007/BF00151147},
       adsurl = {https://ui.adsabs.harvard.edu/abs/1982SoPh...78..107A},
      adsnote = {Provided by the SAO/NASA Astrophysics Data System}
}

@INPROCEEDINGS{silva96,
       author = {{Silva}, Adriana V.~R. and {Wang}, H. and {Gary}, D.~E. and {Zirin}, H. and {Nitta}, N.},
        title = "{Imaging the Chromospheric Evaporation of the 1994 June 30 Solar Flare}",
    booktitle = {American Astronomical Society Meeting Abstracts \#188},
         year = 1996,
       series = {American Astronomical Society Meeting Abstracts},
       volume = {188},
        month = may,
          eid = {33.10},
        pages = {33.10},
       adsurl = {https://ui.adsabs.harvard.edu/abs/1996AAS...188.3310S},
      adsnote = {Provided by the SAO/NASA Astrophysics Data System}
}

@ARTICLE{carrington1859,
       author = {{Carrington}, R.~C.},
        title = "{Description of a Singular Appearance seen in the Sun on September 1, 1859}",
      journal = {\mnras},
         year = 1859,
        month = nov,
       volume = {20},
        pages = {13-15},
          doi = {10.1093/mnras/20.1.13},
       adsurl = {https://ui.adsabs.harvard.edu/abs/1859MNRAS..20...13C},
      adsnote = {Provided by the SAO/NASA Astrophysics Data System}
}

@ARTICLE{neidig93,
       author = {{Neidig}, Donald F. and {Kane}, Sharad R.},
        title = "{Energetics and Timing of the Hard and Soft X-Ray Emissions in White-Light Flares}",
      journal = {\solphys},
     keywords = {Light Curve, Solar Flares, Solar X-Rays, Spectral Emission, Chromosphere, Light Emission, Photosphere, Solar Electrons, Solar Physics},
         year = 1993,
        month = jan,
       volume = {143},
       number = {1},
        pages = {201-204},
          doi = {10.1007/BF00619106},
       adsurl = {https://ui.adsabs.harvard.edu/abs/1993SoPh..143..201N},
      adsnote = {Provided by the SAO/NASA Astrophysics Data System}
}

@ARTICLE{svestka66,
       author = {{{\v{S}}vestka}, Zden{\v{e}}k},
        title = "{Optical Observations of Solar Flares}",
      journal = {\ssr},
         year = 1966,
        month = may,
       volume = {5},
       number = {3},
        pages = {388-418},
          doi = {10.1007/BF02653250},
       adsurl = {https://ui.adsabs.harvard.edu/abs/1966SSRv....5..388S},
      adsnote = {Provided by the SAO/NASA Astrophysics Data System}
}

@ARTICLE{canfield90,
       author = {{Canfield}, Richard C. and {Penn}, Matthew J. and {Wulser}, Jean-Pierre and {Kiplinger}, Alan L.},
        title = "{H alpha Spectra of Dynamic Chromospheric Processes in Five Well-observed X-Ray Flares}",
      journal = {\apj},
     keywords = {Chromosphere, H Alpha Line, Solar Flares, Solar X-Rays, Absorption Spectra, Emission Spectra, Line Spectra, Red Shift, Solar Magnetic Field, Solar Spectra, Solar Physics, SUN: CHROMOSPHERE, SUN: FLARES, SUN: X-RAYS},
         year = 1990,
        month = nov,
       volume = {363},
        pages = {318},
          doi = {10.1086/169345},
       adsurl = {https://ui.adsabs.harvard.edu/abs/1990ApJ...363..318C},
      adsnote = {Provided by the SAO/NASA Astrophysics Data System}
}

@ARTICLE{falchi92,
       author = {{Falchi}, A. and {Falciani}, R. and {Smaldone}, L.~A.},
        title = "{Analysis of the optical spectra of the solar flares. VI. Velocity field in the 13 June 1980 flare area.}",
      journal = {\aap},
     keywords = {Chromosphere, H Alpha Line, Solar Flares, Spectral Signatures, Velocity Distribution, Visible Spectrum, Absorption Spectra, Spectrum Analysis, Solar Physics},
         year = 1992,
        month = mar,
       volume = {256},
       number = {1},
        pages = {255-263},
       adsurl = {https://ui.adsabs.harvard.edu/abs/1992A&A...256..255F},
      adsnote = {Provided by the SAO/NASA Astrophysics Data System}
}

@ARTICLE{heinzel94,
       author = {{Heinzel}, Petr and {Karlicky}, Marian and {Kotrc}, Pavel and {Svestka}, Zdenek},
        title = "{On the Occurrence of Blue Asymmetry in Chromospheric Flare Spectra}",
      journal = {\solphys},
     keywords = {Chromosphere, H Alpha Line, Light (Visible Radiation), Line Spectra, Mathematical Models, Microwave Emission, Radio Astronomy, Radio Spectra, Solar Flares, Solar Spectra, Solar X-Rays, Spectrum Analysis, X Ray Astronomy, X Ray Spectra, Balmer Series, Charge Coupled Devices, Filtergrams, Goes Satellites, Solar Corona, Spectrographs, Astronomy},
         year = 1994,
        month = jul,
       volume = {152},
       number = {2},
        pages = {393-408},
          doi = {10.1007/BF00680446},
       adsurl = {https://ui.adsabs.harvard.edu/abs/1994SoPh..152..393H},
      adsnote = {Provided by the SAO/NASA Astrophysics Data System}
}

@ARTICLE{matthews03,
       author = {{Matthews}, S.~A. and {van Driel-Gesztelyi}, L. and {Hudson}, H.~S. and {Nitta}, N.~V.},
        title = "{A catalogue of white-light flares observed by Yohkoh}",
      journal = {\aap},
     keywords = {Sun: flares, Sun: X-rays, gamma rays},
         year = 2003,
        month = oct,
       volume = {409},
        pages = {1107-1125},
          doi = {10.1051/0004-6361:20031187},
       adsurl = {https://ui.adsabs.harvard.edu/abs/2003A&A...409.1107M},
      adsnote = {Provided by the SAO/NASA Astrophysics Data System}
}

@ARTICLE{hudson06,
       author = {{Hudson}, H.~S. and {Wolfson}, C.~J. and {Metcalf}, T.~R.},
        title = "{White-Light Flares: A TRACE/RHESSI Overview}",
      journal = {\solphys},
         year = 2006,
        month = mar,
       volume = {234},
       number = {1},
        pages = {79-93},
          doi = {10.1007/s11207-006-0056-y},
       adsurl = {https://ui.adsabs.harvard.edu/abs/2006SoPh..234...79H},
      adsnote = {Provided by the SAO/NASA Astrophysics Data System}
}

@ARTICLE{wang09,
       author = {{Wang}, Hai-Min},
        title = "{Study of white-light flares observed by Hinode}",
      journal = {Research in Astronomy and Astrophysics},
         year = 2009,
        month = feb,
       volume = {9},
       number = {2},
        pages = {127-132},
          doi = {10.1088/1674-4527/9/2/001},
       adsurl = {https://ui.adsabs.harvard.edu/abs/2009RAA.....9..127W},
      adsnote = {Provided by the SAO/NASA Astrophysics Data System}
}

@ARTICLE{jess08,
       author = {{Jess}, D.~B. and {Mathioudakis}, M. and {Crockett}, P.~J. and {Keenan}, F.~P.},
        title = "{Do All Flares Have White-Light Emission?}",
      journal = {\apjl},
     keywords = {Sun: activity, Sun: evolution, Sun: flares, Sun: photosphere, sunspots, Astrophysics},
         year = 2008,
        month = dec,
       volume = {688},
       number = {2},
        pages = {L119},
          doi = {10.1086/595588},
archivePrefix = {arXiv},
       eprint = {0810.1443},
 primaryClass = {astro-ph},
       adsurl = {https://ui.adsabs.harvard.edu/abs/2008ApJ...688L.119J},
      adsnote = {Provided by the SAO/NASA Astrophysics Data System}
}

@ARTICLE{duran20,
       author = {{Castellanos Dur{\'a}n}, J. Sebasti{\'a}n and {Kleint}, Lucia},
        title = "{The Statistical Relationship between White-light Emission and Photospheric Magnetic Field Changes in Flares}",
      journal = {\apj},
     keywords = {Solar flares, Solar magnetic fields, Solar photosphere, Solar white-light flares, 1496, 1503, 1518, 1983, Astrophysics - Solar and Stellar Astrophysics, Astrophysics - High Energy Astrophysical Phenomena, Physics - Space Physics},
         year = 2020,
        month = dec,
       volume = {904},
       number = {2},
          eid = {96},
        pages = {96},
          doi = {10.3847/1538-4357/ab9c1e},
archivePrefix = {arXiv},
       eprint = {2007.02954},
 primaryClass = {astro-ph.SR},
       adsurl = {https://ui.adsabs.harvard.edu/abs/2020ApJ...904...96C},
      adsnote = {Provided by the SAO/NASA Astrophysics Data System}
}

@ARTICLE{kretzschmar10,
       author = {{Kretzschmar}, Matthieu and {de Wit}, Thierry Dudok and {Schmutz}, Werner and {Mekaoui}, Sabri and {Hochedez}, Jean-Fran{\c{c}}ois and {Dewitte}, Steven},
        title = "{The effect of flares on total solar irradiance}",
      journal = {Nature Physics},
     keywords = {Astrophysics - Solar and Stellar Astrophysics},
         year = 2010,
        month = sep,
       volume = {6},
       number = {9},
        pages = {690-692},
          doi = {10.1038/nphys1741},
archivePrefix = {arXiv},
       eprint = {1003.5258},
 primaryClass = {astro-ph.SR},
       adsurl = {https://ui.adsabs.harvard.edu/abs/2010NatPh...6..690K},
      adsnote = {Provided by the SAO/NASA Astrophysics Data System}
}



@ARTICLE{kretzschmar11,
       author = {{Kretzschmar}, M.},
        title = "{The Sun as a star: observations of white-light flares}",
      journal = {\aap},
     keywords = {sun: flares, stars: flare, Sun: activity, solar-terrestrial relations, Astrophysics - Solar and Stellar Astrophysics, Astrophysics - Earth and Planetary Astrophysics},
         year = 2011,
        month = jun,
       volume = {530},
          eid = {A84},
        pages = {A84},
          doi = {10.1051/0004-6361/201015930},
archivePrefix = {arXiv},
       eprint = {1103.3125},
 primaryClass = {astro-ph.SR},
       adsurl = {https://ui.adsabs.harvard.edu/abs/2011A&A...530A..84K},
      adsnote = {Provided by the SAO/NASA Astrophysics Data System}
}

@ARTICLE{virgo,
       author = {{Frohlich}, Claus and {Andersen}, Bo N. and {Appourchaux}, Thierry and {Berthomieu}, Gabrielle and {Crommelynck}, Dominique A. and {Domingo}, Vicente and {Fichot}, Alain and {Finsterle}, Wolfgang and {Gomez}, Maria F. and {Gough}, Douglas and {Jimenez}, Antonio and {Leifsen}, Torben and {Lombaerts}, Marc and {Pap}, Judit M. and {Provost}, Janine and {Roca Cortes}, Teodoro and {Romero}, Jose and {Roth}, Hansjorg and {Sekii}, Takashi and {Telljohann}, Udo and {Toutain}, Thierry and {Wehrli}, Christoph},
        title = "{First Results from VIRGO, the Experiment for Helioseismology and Solar Irradiance Monitoring on SOHO}",
      journal = {\solphys},
         year = 1997,
        month = jan,
       volume = {170},
       number = {1},
        pages = {1-25},
          doi = {10.1023/A:1004969622753},
       adsurl = {https://ui.adsabs.harvard.edu/abs/1997SoPh..170....1F},
      adsnote = {Provided by the SAO/NASA Astrophysics Data System}
}

@ARTICLE{oliveros12,
       author = {{Mart{\'\i}nez Oliveros}, Juan-Carlos and {Hudson}, Hugh S. and {Hurford}, Gordon J. and {Krucker}, S{\"a}m and {Lin}, R.~P. and {Lindsey}, Charles and {Couvidat}, Sebastien and {Schou}, Jesper and {Thompson}, W.~T.},
        title = "{The Height of a White-light Flare and Its Hard X-Ray Sources}",
      journal = {\apjl},
     keywords = {Sun: flares, Sun: photosphere, Astrophysics - Solar and Stellar Astrophysics},
         year = 2012,
        month = jul,
       volume = {753},
       number = {2},
          eid = {L26},
        pages = {L26},
          doi = {10.1088/2041-8205/753/2/L26},
archivePrefix = {arXiv},
       eprint = {1206.0497},
 primaryClass = {astro-ph.SR},
       adsurl = {https://ui.adsabs.harvard.edu/abs/2012ApJ...753L..26M},
      adsnote = {Provided by the SAO/NASA Astrophysics Data System}
}

@ARTICLE{krucker15,
       author = {{Krucker}, S{\"a}m and {Saint-Hilaire}, Pascal and {Hudson}, Hugh S. and {Haberreiter}, Margit and {Martinez-Oliveros}, Juan Carlos and {Fivian}, Martin D. and {Hurford}, Gordon and {Kleint}, Lucia and {Battaglia}, Marina and {Kuhar}, Matej and {Arnold}, Nicolas G.},
        title = "{Co-Spatial White Light and Hard X-Ray Flare Footpoints Seen Above the Solar Limb}",
      journal = {\apj},
     keywords = {Sun: flares, Sun: particle emission, Sun: X-rays, gamma rays},
         year = 2015,
        month = mar,
       volume = {802},
       number = {1},
          eid = {19},
        pages = {19},
          doi = {10.1088/0004-637X/802/1/19},
       adsurl = {https://ui.adsabs.harvard.edu/abs/2015ApJ...802...19K},
      adsnote = {Provided by the SAO/NASA Astrophysics Data System}
}

@BOOK{benz02,
       author = {{Benz}, Arnold},
        title = "{Plasma Astrophysics, second edition}",
         year = 2002,
       volume = {279},
          doi = {10.1007/978-0-306-47719-5},
       adsurl = {https://ui.adsabs.harvard.edu/abs/2002ASSL..279.....B},
      adsnote = {Provided by the SAO/NASA Astrophysics Data System}
}

@ARTICLE{benz16,
       author = {{Benz}, Arnold O.},
        title = "{Flare Observations}",
      journal = {Living Reviews in Solar Physics},
     keywords = {Reconnection, X-ray emission, Flare radio emission, Particle acceleration, Magnetic energy release},
         year = 2017,
        month = dec,
       volume = {14},
       number = {1},
          eid = {2},
        pages = {2},
          doi = {10.1007/s41116-016-0004-3},
       adsurl = {https://ui.adsabs.harvard.edu/abs/2017LRSP...14....2B},
      adsnote = {Provided by the SAO/NASA Astrophysics Data System}
}

@INBOOK{carmichael64,
       author = {{Carmichael}, H.},
        title = "{A Process for Flares}",
    booktitle = {NASA Special Publication},
         year = 1964,
       volume = {50},
        pages = {451},
       adsurl = {https://ui.adsabs.harvard.edu/abs/1964NASSP..50..451C},
      adsnote = {Provided by the SAO/NASA Astrophysics Data System}
}


@ARTICLE{sturrock66,
       author = {{Sturrock}, P.~A.},
        title = "{Model of the High-Energy Phase of Solar Flares}",
      journal = {\nat},
         year = 1966,
        month = aug,
       volume = {211},
       number = {5050},
        pages = {695-697},
          doi = {10.1038/211695a0},
       adsurl = {https://ui.adsabs.harvard.edu/abs/1966Natur.211..695S},
      adsnote = {Provided by the SAO/NASA Astrophysics Data System}
}

@ARTICLE{hirayama74,
       author = {{Hirayama}, T.},
        title = "{Theoretical Model of Flares and Prominences. I: Evaporating Flare Model}",
      journal = {\solphys},
         year = 1974,
        month = feb,
       volume = {34},
       number = {2},
        pages = {323-338},
          doi = {10.1007/BF00153671},
       adsurl = {https://ui.adsabs.harvard.edu/abs/1974SoPh...34..323H},
      adsnote = {Provided by the SAO/NASA Astrophysics Data System}
}

@ARTICLE{kopp76,
       author = {{Kopp}, R.~A. and {Pneuman}, G.~W.},
        title = "{Magnetic reconnection in the corona and the loop prominence phenomenon.}",
      journal = {\solphys},
     keywords = {Magnetic Disturbances, Solar Corona, Solar Magnetic Field, Solar Prominences, Chromosphere, H Alpha Line, Lines Of Force, Magnetic Flux, Shock Wave Propagation, Solar Wind, Solar Physics},
         year = 1976,
        month = oct,
       volume = {50},
       number = {1},
        pages = {85-98},
          doi = {10.1007/BF00206193},
       adsurl = {https://ui.adsabs.harvard.edu/abs/1976SoPh...50...85K},
      adsnote = {Provided by the SAO/NASA Astrophysics Data System}
}

@ARTICLE{rhessi,
       author = {{Lin}, R.~P. and {Dennis}, B.~R. and {Hurford}, G.~J. and {Smith}, D.~M. and {Zehnder}, A. and {Harvey}, P.~R. and {Curtis}, D.~W. and {Pankow}, D. and {Turin}, P. and {Bester}, M. and {Csillaghy}, A. and {Lewis}, M. and {Madden}, N. and {van Beek}, H.~F. and {Appleby}, M. and {Raudorf}, T. and {McTiernan}, J. and {Ramaty}, R. and {Schmahl}, E. and {Schwartz}, R. and {Krucker}, S. and {Abiad}, R. and {Quinn}, T. and {Berg}, P. and {Hashii}, M. and {Sterling}, R. and {Jackson}, R. and {Pratt}, R. and {Campbell}, R.~D. and {Malone}, D. and {Landis}, D. and {Barrington-Leigh}, C.~P. and {Slassi-Sennou}, S. and {Cork}, C. and {Clark}, D. and {Amato}, D. and {Orwig}, L. and {Boyle}, R. and {Banks}, I.~S. and {Shirey}, K. and {Tolbert}, A.~K. and {Zarro}, D. and {Snow}, F. and {Thomsen}, K. and {Henneck}, R. and {McHedlishvili}, A. and {Ming}, P. and {Fivian}, M. and {Jordan}, John and {Wanner}, Richard and {Crubb}, Jerry and {Preble}, J. and {Matranga}, M. and {Benz}, A. and {Hudson}, H. and {Canfield}, R.~C. and {Holman}, G.~D. and {Crannell}, C. and {Kosugi}, T. and {Emslie}, A.~G. and {Vilmer}, N. and {Brown}, J.~C. and {Johns-Krull}, C. and {Aschwanden}, M. and {Metcalf}, T. and {Conway}, A.},
        title = "{The Reuven Ramaty High-Energy Solar Spectroscopic Imager (RHESSI)}",
      journal = {\solphys},
         year = 2002,
        month = nov,
       volume = {210},
       number = {1},
        pages = {3-32},
          doi = {10.1023/A:1022428818870},
       adsurl = {https://ui.adsabs.harvard.edu/abs/2002SoPh..210....3L},
      adsnote = {Provided by the SAO/NASA Astrophysics Data System}
}

@INPROCEEDINGS{judge98,
       author = {{Judge}, D.~L. and {McMullin}, D.~R. and {Ogawa}, H.~S. and {Hovestadt}, D. and {Klecker}, B. and {Hilchenbach}, M. and {M{\"o}bius}, E. and {Canfield}, L.~R. and {Vest}, R.~E. and {Watts}, R. and {Tarrio}, C. and {K{\"u}hne}, M. and {Wurz}, P.},
        title = "{First Solar EUV Irradiances Obtained from SOHO by the CELIAS/SEM}",
    booktitle = {Solar Electromagnetic Radiation Study for Solar Cycle 22},
         year = 1998,
       editor = {{Pap}, J.~M. and {Frohlich}, C. and {Ulrich}, R.~K.},
        month = jan,
        pages = {161},
       adsurl = {https://ui.adsabs.harvard.edu/abs/1998sers.conf..161J},
      adsnote = {Provided by the SAO/NASA Astrophysics Data System}
}

﻿@Article{haigh07,
author={Haigh, Joanna D.},
title={The Sun and the Earth's Climate},
journal={Living Reviews in Solar Physics},
year={2007},
month={Oct},
day={02},
volume={4},
number={1},
pages={2},
abstract={Variations in solar activity, at least as observed in numbers of sunspots, have been apparent since ancient times but to what extent solar variability may affect global climate has been far more controversial. The subject had been in and out of fashion for at least two centuries but the current need to distinguish between natural and anthropogenic causes of climate change has brought it again to the forefront of meteorological research. The absolute radiometers carried by satellites since the late 1970s have produced indisputable evidence that total solar irradiance varies systematically over the 11-year sunspot cycle, relegating to history the term ``solar constant'', but it is difficult to explain how the apparent response to the Sun, seen in many climate records, can be brought about by these rather small changes in radiation. This article reviews some of the evidence for a solar influence on the lower atmosphere and discusses some of the mechanisms whereby the Sun may produce more significant impacts than might be surmised from a consideration only of variations in total solar irradiance.},
issn={1614-4961},
doi={10.12942/lrsp-2007-2},
url={https://doi.org/10.12942/lrsp-2007-2}
}

@ARTICLE{fletcher11,
       author = {{Fletcher}, L. and {Dennis}, B.~R. and {Hudson}, H.~S. and {Krucker}, S. and {Phillips}, K. and {Veronig}, A. and {Battaglia}, M. and {Bone}, L. and {Caspi}, A. and {Chen}, Q. and {Gallagher}, P. and {Grigis}, P.~T. and {Ji}, H. and {Liu}, W. and {Milligan}, R.~O. and {Temmer}, M.},
        title = "{An Observational Overview of Solar Flares}",
      journal = {\ssr},
     keywords = {Sun, Astrophysics - Solar and Stellar Astrophysics},
         year = 2011,
        month = sep,
       volume = {159},
       number = {1-4},
        pages = {19-106},
          doi = {10.1007/s11214-010-9701-8},
archivePrefix = {arXiv},
       eprint = {1109.5932},
 primaryClass = {astro-ph.SR},
       adsurl = {https://ui.adsabs.harvard.edu/abs/2011SSRv..159...19F},
      adsnote = {Provided by the SAO/NASA Astrophysics Data System}
}

@INPROCEEDINGS{solexs,
       author = {{Sankarasubramanian}, K. and {Ramadevi}, M.~C. and {Bug}, Monoj and {Umapathy}, C.~N. and {Seetha}, S. and {Sreekumar}, P. and {Kumar}},
        title = "{SoLEXS - A low energy X-ray spectrometer for solar coronal studies}",
     keywords = {Sun: flares, Sun: X-rays, instrumentation: detectors, Astrophysics - Instrumentation and Methods for Astrophysics, Astrophysics - Solar and Stellar Astrophysics},
    booktitle = {Astronomical Society of India Conference Series},
         year = 2011,
       series = {Astronomical Society of India Conference Series},
       volume = {2},
        month = jan,
        pages = {63-69},
archivePrefix = {arXiv},
       eprint = {1111.5820},
 primaryClass = {astro-ph.IM},
       adsurl = {https://ui.adsabs.harvard.edu/abs/2011ASInC...2...63S},
      adsnote = {Provided by the SAO/NASA Astrophysics Data System}
}

@ARTICLE{kuhar16,
       author = {{Kuhar}, Matej and {Krucker}, S{\"a}m and {Mart{\'\i}nez Oliveros}, Juan Carlos and {Battaglia}, Marina and {Kleint}, Lucia and {Casadei}, Diego and {Hudson}, Hugh S.},
        title = "{Correlation of Hard X-Ray and White Light Emission in Solar Flares}",
      journal = {\apj},
     keywords = {Sun: flares, Sun: particle emission, Sun: X-rays, gamma rays, Astrophysics - Solar and Stellar Astrophysics},
         year = 2016,
        month = jan,
       volume = {816},
       number = {1},
          eid = {6},
        pages = {6},
          doi = {10.3847/0004-637X/816/1/6},
archivePrefix = {arXiv},
       eprint = {1511.07757},
 primaryClass = {astro-ph.SR},
       adsurl = {https://ui.adsabs.harvard.edu/abs/2016ApJ...816....6K},
      adsnote = {Provided by the SAO/NASA Astrophysics Data System}
}

@ARTICLE{TriBC_2004,
       author = {{Tripathi}, D. and {Bothmer}, V. and {Cremades}, H.},
        title = "{The basic characteristics of EUV post-eruptive arcades and their role as tracers of coronal mass ejection source regions}",
      journal = {\aap},
     keywords = {Sun: corona, Sun: coronal mass ejections (CMEs), Sun: flares, Sun: filaments, Sun: photosphere, Sun: solar-terrestrial relations},
         year = 2004,
        month = jul,
       volume = {422},
        pages = {337-349},
          doi = {10.1051/0004-6361:20035815},
       adsurl = {https://ui.adsabs.harvard.edu/abs/2004A&A...422..337T},
      adsnote = {Provided by the SAO/NASA Astrophysics Data System}
}

@ARTICLE{milligan14,
       author = {{Milligan}, Ryan O. and {Kerr}, Graham S. and {Dennis}, Brian R. and {Hudson}, Hugh S. and {Fletcher}, Lyndsay and {Allred}, Joel C. and {Chamberlin}, Phillip C. and {Ireland}, Jack and {Mathioudakis}, Mihalis and {Keenan}, Francis P.},
        title = "{The Radiated Energy Budget of Chromospheric Plasma in a Major Solar Flare Deduced from Multi-wavelength Observations}",
      journal = {\apj},
     keywords = {Sun: chromosphere, Sun: flares, Sun: UV radiation, Sun: X-rays, gamma rays, Astrophysics - Solar and Stellar Astrophysics},
         year = 2014,
        month = oct,
       volume = {793},
       number = {2},
          eid = {70},
        pages = {70},
          doi = {10.1088/0004-637X/793/2/70},
archivePrefix = {arXiv},
       eprint = {1406.7657},
 primaryClass = {astro-ph.SR},
       adsurl = {https://ui.adsabs.harvard.edu/abs/2014ApJ...793...70M},
      adsnote = {Provided by the SAO/NASA Astrophysics Data System}
}

@ARTICLE{fletcher10,
       author = {{Fletcher}, L.},
        title = "{The chromosphere during solar flares .}",
      journal = {\memsai},
     keywords = {Sun: chromosphere, Sun: flares, Astrophysics - Solar and Stellar Astrophysics},
         year = 2010,
        month = jan,
       volume = {81},
        pages = {616},
archivePrefix = {arXiv},
       eprint = {1001.0739},
 primaryClass = {astro-ph.SR},
       adsurl = {https://ui.adsabs.harvard.edu/abs/2010MmSAI..81..616F},
      adsnote = {Provided by the SAO/NASA Astrophysics Data System}
}


@ARTICLE{lemaire84,
       author = {{Lemaire}, P. and {Choucq-Bruston}, M. and {Vial}, J. -C.},
        title = "{Simultaneous H and K Ca  ii, h and k Mg  ii, L{\ensuremath{\alpha}} and L{\ensuremath{\beta}} H  i profiles of the April 15, 1978 solar flare observed with the OSO-8/L.P.S.P. experiment}",
      journal = {\solphys},
     keywords = {H Lines, K Lines, Lyman Spectra, Solar Flares, Solar Spectra, Band Ratioing, Chromosphere, Light Curve, Oso-8, Radiant Flux Density, Relaxation Time, Solar Electrons, Spectral Line Width, Solar Physics},
         year = 1984,
        month = jan,
       volume = {90},
       number = {1},
        pages = {63-82},
          doi = {10.1007/BF00153785},
       adsurl = {https://ui.adsabs.harvard.edu/abs/1984SoPh...90...63L},
      adsnote = {Provided by the SAO/NASA Astrophysics Data System}
}

@ARTICLE{pereira15,
       author = {{Pereira}, Tiago M.~D. and {Carlsson}, Mats and {De Pontieu}, Bart and {Hansteen}, Viggo},
        title = "{The Formation of IRIS Diagnostics. IV. The Mg II Triplet Lines as a New Diagnostic for Lower Chromospheric Heating}",
      journal = {\apj},
     keywords = {Sun: atmosphere, Sun: chromosphere, radiative transfer, Astrophysics - Solar and Stellar Astrophysics},
         year = 2015,
        month = jun,
       volume = {806},
       number = {1},
          eid = {14},
        pages = {14},
          doi = {10.1088/0004-637X/806/1/14},
archivePrefix = {arXiv},
       eprint = {1504.01733},
 primaryClass = {astro-ph.SR},
       adsurl = {https://ui.adsabs.harvard.edu/abs/2015ApJ...806...14P},
      adsnote = {Provided by the SAO/NASA Astrophysics Data System}
}

@ARTICLE{skumanich68,
       author = {{Athay}, R. Grant and {Skumanich}, A.},
        title = "{Emission Cores in H and K Lines. I: The Optically Thick Chromosphere}",
      journal = {\solphys},
         year = 1968,
        month = jan,
       volume = {3},
       number = {1},
        pages = {181-203},
          doi = {10.1007/BF00154253},
       adsurl = {https://ui.adsabs.harvard.edu/abs/1968SoPh....3..181A},
      adsnote = {Provided by the SAO/NASA Astrophysics Data System}
}

@ARTICLE{mihalas74,
       author = {{Milkey}, R.~W. and {Mihalas}, D.},
        title = "{Resonance line transfer with partial redistribution: II. The solar Mg II lines.}",
      journal = {\apj},
     keywords = {Chromosphere, Line Spectra, Magnesium, Solar Spectra, Atmospheric Models, Frequency Distribution, H Lines, K Lines, Line Shape, Metal Ions, Photons, Resonance, Solar Physics},
         year = 1974,
        month = sep,
       volume = {192},
        pages = {769-776},
          doi = {10.1086/153115},
       adsurl = {https://ui.adsabs.harvard.edu/abs/1974ApJ...192..769M},
      adsnote = {Provided by the SAO/NASA Astrophysics Data System}
}

@ARTICLE{uitenbroek97,
       author = {{Uitenbroek}, H.},
        title = "{THE SOLAR MG II H AND K LINES - Observations and Radiative Transfer Modeling}",
      journal = {\solphys},
         year = 1997,
        month = may,
       volume = {172},
        pages = {109-116},
          doi = {10.1023/A:1004981412889},
       adsurl = {https://ui.adsabs.harvard.edu/abs/1997SoPh..172..109U},
      adsnote = {Provided by the SAO/NASA Astrophysics Data System}
}

@ARTICLE{leenarts13a,
       author = {{Leenaarts}, J. and {Pereira}, T.~M.~D. and {Carlsson}, M. and {Uitenbroek}, H. and {De Pontieu}, B.},
        title = "{The Formation of IRIS Diagnostics. II. The Formation of the Mg II h\&k Lines in the Solar Atmosphere}",
      journal = {\apj},
     keywords = {radiative transfer, Sun: atmosphere, Sun: chromosphere, Astrophysics - Solar and Stellar Astrophysics},
         year = 2013,
        month = aug,
       volume = {772},
       number = {2},
          eid = {90},
        pages = {90},
          doi = {10.1088/0004-637X/772/2/90},
archivePrefix = {arXiv},
       eprint = {1306.0671},
 primaryClass = {astro-ph.SR},
       adsurl = {https://ui.adsabs.harvard.edu/abs/2013ApJ...772...90L},
      adsnote = {Provided by the SAO/NASA Astrophysics Data System}
}
@ARTICLE{leenarts13b,
       author = {{Leenaarts}, J. and {Pereira}, T.~M.~D. and {Carlsson}, M. and {Uitenbroek}, H. and {De Pontieu}, B.},
        title = "{The Formation of IRIS Diagnostics. I. A Quintessential Model Atom of Mg II and General Formation Properties of the Mg II h\&k Lines}",
      journal = {\apj},
     keywords = {radiative transfer, Sun: atmosphere, Sun: chromosphere, Astrophysics - Solar and Stellar Astrophysics},
         year = 2013,
        month = aug,
       volume = {772},
       number = {2},
          eid = {89},
        pages = {89},
          doi = {10.1088/0004-637X/772/2/89},
archivePrefix = {arXiv},
       eprint = {1306.0668},
 primaryClass = {astro-ph.SR},
       adsurl = {https://ui.adsabs.harvard.edu/abs/2013ApJ...772...89L},
      adsnote = {Provided by the SAO/NASA Astrophysics Data System}
}

@ARTICLE{pereira13,
       author = {{Pereira}, T.~M.~D. and {Leenaarts}, J. and {De Pontieu}, B. and {Carlsson}, M. and {Uitenbroek}, H.},
        title = "{The Formation of IRIS Diagnostics. III. Near-ultraviolet Spectra and Images}",
      journal = {\apj},
     keywords = {radiative transfer, Sun: atmosphere, Sun: chromosphere, Astrophysics - Solar and Stellar Astrophysics},
         year = 2013,
        month = dec,
       volume = {778},
       number = {2},
          eid = {143},
        pages = {143},
          doi = {10.1088/0004-637X/778/2/143},
archivePrefix = {arXiv},
       eprint = {1310.1926},
 primaryClass = {astro-ph.SR},
       adsurl = {https://ui.adsabs.harvard.edu/abs/2013ApJ...778..143P},
      adsnote = {Provided by the SAO/NASA Astrophysics Data System}
}

@ARTICLE{sdo,
       author = {{Pesnell}, W. Dean and {Thompson}, B.~J. and {Chamberlin}, P.~C.},
        title = "{The Solar Dynamics Observatory (SDO)}",
      journal = {\solphys},
     keywords = {SDO, Solar cycle, Helioseismology, Coronal, Space weather},
         year = 2012,
        month = jan,
       volume = {275},
       number = {1-2},
        pages = {3-15},
          doi = {10.1007/s11207-011-9841-3},
       adsurl = {https://ui.adsabs.harvard.edu/abs/2012SoPh..275....3P},
      adsnote = {Provided by the SAO/NASA Astrophysics Data System}
}
@ARTICLE{aia,
       author = {{Lemen}, James R. and {Title}, Alan M. and {Akin}, David J. and {Boerner}, Paul F. and {Chou}, Catherine and {Drake}, Jerry F. and {Duncan}, Dexter W. and {Edwards}, Christopher G. and {Friedlaender}, Frank M. and {Heyman}, Gary F. and {Hurlburt}, Neal E. and {Katz}, Noah L. and {Kushner}, Gary D. and {Levay}, Michael and {Lindgren}, Russell W. and {Mathur}, Dnyanesh P. and {McFeaters}, Edward L. and {Mitchell}, Sarah and {Rehse}, Roger A. and {Schrijver}, Carolus J. and {Springer}, Larry A. and {Stern}, Robert A. and {Tarbell}, Theodore D. and {Wuelser}, Jean-Pierre and {Wolfson}, C. Jacob and {Yanari}, Carl and {Bookbinder}, Jay A. and {Cheimets}, Peter N. and {Caldwell}, David and {Deluca}, Edward E. and {Gates}, Richard and {Golub}, Leon and {Park}, Sang and {Podgorski}, William A. and {Bush}, Rock I. and {Scherrer}, Philip H. and {Gummin}, Mark A. and {Smith}, Peter and {Auker}, Gary and {Jerram}, Paul and {Pool}, Peter and {Soufli}, Regina and {Windt}, David L. and {Beardsley}, Sarah and {Clapp}, Matthew and {Lang}, James and {Waltham}, Nicholas},
        title = "{The Atmospheric Imaging Assembly (AIA) on the Solar Dynamics Observatory (SDO)}",
      journal = {\solphys},
     keywords = {Solar corona, Solar instrumentation, Solar imaging, Extreme ultraviolet},
         year = 2012,
        month = jan,
       volume = {275},
       number = {1-2},
        pages = {17-40},
          doi = {10.1007/s11207-011-9776-8},
       adsurl = {https://ui.adsabs.harvard.edu/abs/2012SoPh..275...17L},
      adsnote = {Provided by the SAO/NASA Astrophysics Data System}
}
@ARTICLE{hmi,
       author = {{Scherrer}, P.~H. and {Schou}, J. and {Bush}, R.~I. and {Kosovichev}, A.~G. and {Bogart}, R.~S. and {Hoeksema}, J.~T. and {Liu}, Y. and {Duvall}, T.~L. and {Zhao}, J. and {Title}, A.~M. and {Schrijver}, C.~J. and {Tarbell}, T.~D. and {Tomczyk}, S.},
        title = "{The Helioseismic and Magnetic Imager (HMI) Investigation for the Solar Dynamics Observatory (SDO)}",
      journal = {\solphys},
         year = 2012,
        month = jan,
       volume = {275},
       number = {1-2},
        pages = {207-227},
          doi = {10.1007/s11207-011-9834-2},
       adsurl = {https://ui.adsabs.harvard.edu/abs/2012SoPh..275..207S},
      adsnote = {Provided by the SAO/NASA Astrophysics Data System}
}

@ARTICLE{li17,
       author = {{Li}, Ting and {Zhang}, Jun and {Hou}, Yijun},
        title = "{Flare Ribbons Approach Observed by the Interface Region Imaging Spectrograph and the Solar Dynamics Observatory}",
      journal = {\apj},
     keywords = {Sun: activity, Sun: flares, Sun: transition region, Sun: UV radiation, Astrophysics - Solar and Stellar Astrophysics},
         year = 2017,
        month = oct,
       volume = {848},
       number = {1},
          eid = {32},
        pages = {32},
          doi = {10.3847/1538-4357/aa8c01},
archivePrefix = {arXiv},
       eprint = {1709.03216},
 primaryClass = {astro-ph.SR},
       adsurl = {https://ui.adsabs.harvard.edu/abs/2017ApJ...848...32L},
      adsnote = {Provided by the SAO/NASA Astrophysics Data System}
}

@ARTICLE{karlick18,
       author = {{Karlick{\'y}}, Marian and {Zemanov{\'a}}, Alena and {Dud{\'\i}k}, Jaroslav and {Radziszewski}, Krzysztof},
        title = "{Solar Radio Burst Associated with the Falling Bright EUV Blob}",
      journal = {\apjl},
     keywords = {plasmas, Sun: flares, Sun: radio radiation, waves, Astrophysics - Solar and Stellar Astrophysics},
         year = 2018,
        month = feb,
       volume = {854},
       number = {2},
          eid = {L29},
        pages = {L29},
          doi = {10.3847/2041-8213/aaadf9},
archivePrefix = {arXiv},
       eprint = {1804.06206},
 primaryClass = {astro-ph.SR},
       adsurl = {https://ui.adsabs.harvard.edu/abs/2018ApJ...854L..29K},
      adsnote = {Provided by the SAO/NASA Astrophysics Data System}
}

@ARTICLE{kerr15,
       author = {{Kerr}, G.~S. and {Sim{\~o}es}, P.~J.~A. and {Qiu}, J. and {Fletcher}, L.},
        title = "{IRIS observations of the Mg ii h and k lines during a solar flare}",
      journal = {\aap},
     keywords = {Sun: chromosphere, Sun: flares, Sun: UV radiation, Astrophysics - Solar and Stellar Astrophysics},
         year = 2015,
        month = oct,
       volume = {582},
          eid = {A50},
        pages = {A50},
          doi = {10.1051/0004-6361/201526128},
archivePrefix = {arXiv},
       eprint = {1508.03813},
 primaryClass = {astro-ph.SR},
       adsurl = {https://ui.adsabs.harvard.edu/abs/2015A&A...582A..50K},
      adsnote = {Provided by the SAO/NASA Astrophysics Data System}
}

@ARTICLE{gudiksen15,
       author = {{Gudiksen}, B.~V. and {Carlsson}, M. and {Hansteen}, V.~H. and {Hayek}, W. and {Leenaarts}, J. and {Mart{\'\i}nez-Sykora}, J.},
        title = "{The stellar atmosphere simulation code Bifrost. Code description and validation}",
      journal = {\aap},
     keywords = {magnetohydrodynamics (MHD), radiative transfer, methods: numerical, Sun: atmosphere, stars: atmospheres, Astrophysics - Solar and Stellar Astrophysics},
         year = 2011,
        month = jul,
       volume = {531},
          eid = {A154},
        pages = {A154},
          doi = {10.1051/0004-6361/201116520},
archivePrefix = {arXiv},
       eprint = {1105.6306},
 primaryClass = {astro-ph.SR},
       adsurl = {https://ui.adsabs.harvard.edu/abs/2011A&A...531A.154G},
      adsnote = {Provided by the SAO/NASA Astrophysics Data System}
}

@ARTICLE{pereira15b,
       author = {{Pereira}, Tiago M.~D. and {Uitenbroek}, Han},
        title = "{RH 1.5D: a massively parallel code for multi-level radiative transfer with partial frequency redistribution and Zeeman polarisation}",
      journal = {\aap},
     keywords = {line: formation, methods: numerical, radiative transfer, polarization, stars: atmospheres, Astrophysics - Solar and Stellar Astrophysics, Astrophysics - Instrumentation and Methods for Astrophysics},
         year = 2015,
        month = feb,
       volume = {574},
          eid = {A3},
        pages = {A3},
          doi = {10.1051/0004-6361/201424785},
archivePrefix = {arXiv},
       eprint = {1411.1079},
 primaryClass = {astro-ph.SR},
       adsurl = {https://ui.adsabs.harvard.edu/abs/2015A&A...574A...3P},
      adsnote = {Provided by the SAO/NASA Astrophysics Data System}
}


@ARTICLE{wang02,
       author = {{Wang}, Haimin and {Spirock}, Thomas J. and {Qiu}, Jiong and {Ji}, Haisheng and {Yurchyshyn}, Vasyl and {Moon}, Yong-Jae and {Denker}, Carsten and {Goode}, Philip R.},
        title = "{Rapid Changes of Magnetic Fields Associated with Six X-Class Flares}",
      journal = {\apj},
     keywords = {Sun: Activity, Sun: Coronal Mass Ejections (CMEs), Sun: Flares, Sun: Magnetic Fields},
         year = 2002,
        month = sep,
       volume = {576},
       number = {1},
        pages = {497-504},
          doi = {10.1086/341735},
       adsurl = {https://ui.adsabs.harvard.edu/abs/2002ApJ...576..497W},
      adsnote = {Provided by the SAO/NASA Astrophysics Data System}
}

@ARTICLE{dandan16,
       author = {{Ye}, Dan-Dan and {Liu}, Chang and {Wang}, Haimin},
        title = "{Irreversible rapid changes of magnetic field associated with the 2012 October 23 circular near-limb X1.8 Flare}",
      journal = {Research in Astronomy and Astrophysics},
     keywords = {Astrophysics - Solar and Stellar Astrophysics},
         year = 2016,
        month = jun,
       volume = {16},
       number = {6},
          eid = {95},
        pages = {95},
          doi = {10.1088/1674-4527/16/6/095},
archivePrefix = {arXiv},
       eprint = {1602.02080},
 primaryClass = {astro-ph.SR},
       adsurl = {https://ui.adsabs.harvard.edu/abs/2016RAA....16...95Y},
      adsnote = {Provided by the SAO/NASA Astrophysics Data System}
}

@ARTICLE{spirock02,
       author = {{Spirock}, Thomas J. and {Yurchyshyn}, Vasyl B. and {Wang}, Haimin},
        title = "{Rapid Changes in the Longitudinal Magnetic Field Related to the 2001 April 2 X20 Flare}",
      journal = {\apj},
     keywords = {Sun: Flares, Sun: Magnetic Fields},
         year = 2002,
        month = jun,
       volume = {572},
       number = {2},
        pages = {1072-1076},
          doi = {10.1086/340431},
       adsurl = {https://ui.adsabs.harvard.edu/abs/2002ApJ...572.1072S},
      adsnote = {Provided by the SAO/NASA Astrophysics Data System}
}

@book{mariska92,
series = {Cambridge astrophysics series ; 23},
publisher = {Cambridge University Press},
isbn = {0521382610},
year = {1992},
title = {The solar transition region},
language = {eng},
address = {Cambridge [England] ; New York},
author = {Mariska, John T},
keywords = {Emission spectroscopy},
lccn = {^^^92003574^},
}

@ARTICLE{sharma16,
       author = {{Sharma}, Rohit and {Tripathi}, Durgesh and {Isobe}, Hiroaki and {Ghosh}, Avyarthana},
        title = "{On the Bright Loop Top Emission in Post-eruption Arcades}",
      journal = {\apj},
     keywords = {Sun: flares, Sun: UV radiation, Astrophysics - Solar and Stellar Astrophysics},
         year = 2016,
        month = may,
       volume = {823},
       number = {1},
          eid = {47},
        pages = {47},
          doi = {10.3847/0004-637X/823/1/47},
archivePrefix = {arXiv},
       eprint = {1603.04959},
 primaryClass = {astro-ph.SR},
       adsurl = {https://ui.adsabs.harvard.edu/abs/2016ApJ...823...47S},
      adsnote = {Provided by the SAO/NASA Astrophysics Data System}
}

@ARTICLE{patsourakos04,
       author = {{Patsourakos}, S. and {Antiochos}, S.~K. and {Klimchuk}, J.~A.},
        title = "{A Model for Bright Extreme-Ultraviolet Knots in Solar Flare Loops}",
      journal = {\apj},
     keywords = {Hydrodynamics, Sun: Corona, Sun: Flares, Sun: UV Radiation},
         year = 2004,
        month = oct,
       volume = {614},
       number = {2},
        pages = {1022-1027},
          doi = {10.1086/423779},
       adsurl = {https://ui.adsabs.harvard.edu/abs/2004ApJ...614.1022P},
      adsnote = {Provided by the SAO/NASA Astrophysics Data System}
}

@ARTICLE{sunpy20,
  doi = {10.3847/1538-4357/ab4f7a},
  url = {https://iopscience.iop.org/article/10.3847/1538-4357/ab4f7a},
  author = {{The SunPy Community} and Barnes, Will T. and Bobra, Monica G. and Christe, Steven D. and Freij, Nabil and Hayes, Laura A. and Ireland, Jack and Mumford, Stuart and Perez-Suarez, David and Ryan, Daniel F. and Shih, Albert Y. and Chanda, Prateek and Glogowski, Kolja and Hewett, Russell and Hughitt, V. Keith and Hill, Andrew and Hiware, Kaustubh and Inglis, Andrew and Kirk, Michael S. F. and Konge, Sudarshan and Mason, James Paul and Maloney, Shane Anthony and Murray, Sophie A. and Panda, Asish and Park, Jongyeob and Pereira, Tiago M. D. and Reardon, Kevin and Savage, Sabrina and Sipőcz, Brigitta M. and Stansby, David and Jain, Yash and Taylor, Garrison and Yadav, Tannmay and Rajul and Dang, Trung Kien},
  title = {The SunPy Project: Open Source Development and Status of the Version 1.0 Core Package},
  journal = {The Astrophysical Journal},
  volume = {890},
  issue = {1},
  pages = {68-},
  publisher = {American Astronomical Society},
  year = {2020}
}

@ARTICLE{jviewer,
       author = {{M{\"u}ller}, D. and {Nicula}, B. and {Felix}, S. and {Verstringe}, F. and {Bourgoignie}, B. and {Csillaghy}, A. and {Berghmans}, D. and {Jiggens}, P. and {Garc{\'\i}a-Ortiz}, J.~P. and {Ireland}, J. and {Zahniy}, S. and {Fleck}, B.},
        title = "{JHelioviewer. Time-dependent 3D visualisation of solar and heliospheric data}",
      journal = {\aap},
     keywords = {Sun: general, Sun: activity, virtual observatory tools, methods: observational, methods: data analysis, methods: numerical, Astrophysics - Solar and Stellar Astrophysics, Physics - Computational Physics, Physics - Physics Education},
         year = 2017,
        month = sep,
       volume = {606},
          eid = {A10},
        pages = {A10},
          doi = {10.1051/0004-6361/201730893},
archivePrefix = {arXiv},
       eprint = {1705.07628},
 primaryClass = {astro-ph.SR},
       adsurl = {https://ui.adsabs.harvard.edu/abs/2017A&A...606A..10M},
      adsnote = {Provided by the SAO/NASA Astrophysics Data System}
}



@software{sunpy_ver,
  author       = {Stuart J. Mumford and
                  Nabil Freij and
                  David Stansby and
                  Steven Christe and
                  Jack Ireland and
                  Florian Mayer and
                  Albert Y. Shih and
                  V. Keith Hughitt and
                  Daniel F. Ryan and
                  Simon Liedtke and
                  Laura Hayes and
                  David Pérez-Suárez and
                  Vishnunarayan K I. and
                  Will Barnes and
                  Pritish Chakraborty and
                  Andrew Inglis and
                  Punyaslok Pattnaik and
                  Brigitta Sipőcz and
                  Conor MacBride and
                  Rishabh Sharma and
                  Andrew Leonard and
                  Russell Hewett and
                  Alex Hamilton and
                  Abhijeet Manhas and
                  Asish Panda and
                  Matt Earnshaw and
                  Nitin Choudhary and
                  Ankit Kumar and
                  Raahul Singh and
                  Prateek Chanda and
                  Md Akramul Haque and
                  Michael S Kirk and
                  Michael Mueller and
                  Sudarshan Konge and
                  Rajul Srivastava and
                  Matt Wentzel-Long and
                  Yash Jain and
                  Samuel Bennett and
                  Ankit Baruah and
                  Quinn Arbolante and
                  Michael Charlton and
                  Shane Maloney and
                  Sashank Mishra and
                  Jeffrey Aaron Paul and
                  Akash Verma and
                  Nicky Chorley and
                  Aryan Chouhan and
                  Himanshu and
                  James Paul Mason and
                  Lazar Zivadinovic and
                  Sanskar Modi and
                  Yash Sharma and
                  Naman9639 and
                  Monica G. Bobra and
                  Jose Ivan Campos Rozo and
                  Larry Manley and
                  Kateryna Ivashkiv and
                  Timo Laitinen and
                  Agneet Chatterjee and
                  Johan Freiherr von Forstner and
                  Juanjo Bazán and
                  Kris Akira Stern and
                  Jan Gieseler and
                  John Evans and
                  Sarthak Jain and
                  Michael Malocha and
                  Sourav Ghosh and
                  Airmansmith97 and
                  Dominik Stańczak and
                  Rajiv Ranjan Singh and
                  Ruben De Visscher and
                  Shresth Verma and
                  SophieLemos and
                  Ankit Agrawal and
                  Arib Alam and
                  Dumindu Buddhika and
                  Himanshu Pathak and
                  Jai Ram Rideout and
                  Swapnil Sharma and
                  Jongyeob Park and
                  Matt Bates and
                  Alasdair Wilson and
                  Devansh Shukla and
                  Marius Giger and
                  Pankaj Mishra and
                  Deepankar Sharma and
                  Dhruv Goel and
                  Garrison Taylor and
                  Goran Cetusic and
                  Guntbert Reiter and
                  Jacob and
                  Mateo Inchaurrandieta and
                  Sally Dacie and
                  Sanjeev Dubey and
                  Arthur Eigenbrot and
                  Erik M. Bray and
                  Rutuja Surve and
                  Serge Zahniy and
                  Sudeep Sidhu and
                  Tomas Meszaros and
                  Utkarsh Parkhi and
                  William Russell and
                  Abhigyan Bose and
                  Abhishek Pandey and
                  Adrian Price-Whelan and
                  Amogh J and
                  André Chicrala and
                  Ankit and
                  Chloé Guennou and
                  Daniel D'Avella and
                  Daniel Williams and
                  Dipanshu Verma and
                  Jordan Ballew and
                  Krish Agrawal and
                  Nick Murphy and
                  Priyank Lodha and
                  Thomas Robitaille and
                  Tom Augspurger and
                  Yash Krishan and
                  honey and
                  neerajkulk and
                  Adwait Bhope and
                  Amarjit Singh Gaba and
                  Andrew Hill and
                  Benjamin Mampaey and
                  Bernhard M. Wiedemann and
                  Carlos Molina and
                  Daniel Garcia Briseno and
                  Duygu Keşkek and
                  Ishtyaq Habib and
                  Joseph Letts and
                  Karthikeyan Singaravelan and
                  Kritika Ranjan and
                  Noah Altunian and
                  Ole Streicher and
                  Reid Gomillion and
                  Samriddhi Agarwal and
                  Yash Kothari and
                  Yukie Nomiya and
                  mridulpandey and
                  Abigail L. Stevens and
                  Abijith B and
                  Abijith Bahuleyan and
                  Alex Kaszynski and
                  Alex W and
                  Ambar Mehrotra and
                  Andy Tang and
                  Anubhav Sinha and
                  Arfon Smith and
                  Arseniy Kustov and
                  Brandon Stone and
                  Chris Bard and
                  Emmanuel Arias and
                  Erik Tollerud and
                  Fionnlagh Mackenzie Dover and
                  Freek Verstringe and
                  Gulshan Kumar and
                  Harsh Mathur and
                  Igor Babuschkin and
                  James Calixto and
                  Jaylen Wimbish and
                  Jia Qing and
                  Juan Camilo Buitrago-Casas and
                  Kalpesh Krishna and
                  Kaustubh Chaudhari and
                  Kaustubh Hiware and
                  Koustav Ghosh and
                  MOULOUDI Mohamed Lyes and
                  Manas Mangaonkar and
                  Mark Cheung and
                  Matthew Mendero and
                  Megh Dedhia and
                  Mickaël Schoentgen and
                  Nakul Shahdadpuri and
                  Naveen Srinivasan and
                  Norbert G Gyenge and
                  Rajasekhar Reddy Mekala and
                  Ratul Das and
                  Rishabh Mishra and
                  Rohan Sharma and
                  Shashank Srikanth and
                  Shubham Jain and
                  Swapnil Kannojia and
                  Tannmay Yadav and
                  Tathagata Paul and
                  Tessa D. Wilkinson and
                  Thomas A Caswell and
                  Thomas Braccia and
                  Tiago M. D. Pereira and
                  Tim Gates and
                  Trung Kien Dang and
                  Varun Bankar and
                  William Jamieson and
                  Yudhik Agrawal and
                  platipo and
                  resakra and
                  tal66 and
                  yasintoda and
                  Raphael Attie and
                  Sophie A. Murray},
  title        = {SunPy},
  month        = apr,
  year         = 2023,
  publisher    = {Zenodo},
  version      = {v4.1.5},
  doi          = {10.5281/zenodo.7850372},
  url          = {https://doi.org/10.5281/zenodo.7850372}
}

@ARTICLE{dalda23,
       author = {{Sainz Dalda}, Alberto and {De Pontieu}, Bart},
        title = "{Chromospheric thermodynamic conditions from inversions of complex Mg II h \& k profiles observed in flares}",
      journal = {Frontiers in Astronomy and Space Sciences},
     keywords = {Astrophysics - Solar and Stellar Astrophysics},
         year = 2023,
        month = jun,
       volume = {10},
          eid = {1133429},
        pages = {1133429},
          doi = {10.3389/fspas.2023.1133429},
archivePrefix = {arXiv},
       eprint = {2211.05459},
 primaryClass = {astro-ph.SR},
       adsurl = {https://ui.adsabs.harvard.edu/abs/2023FrASS..1033429S},
      adsnote = {Provided by the SAO/NASA Astrophysics Data System}
}

@ARTICLE{panos18,
       author = {{Panos}, Brandon and {Kleint}, Lucia and {Huwyler}, Cedric and {Krucker}, S{\"a}m and {Melchior}, Martin and {Ullmann}, Denis and {Voloshynovskiy}, Sviatoslav},
        title = "{Identifying Typical Mg II Flare Spectra Using Machine Learning}",
      journal = {\apj},
     keywords = {Sun: chromosphere, Sun: flares, Astrophysics - Solar and Stellar Astrophysics},
         year = 2018,
        month = jul,
       volume = {861},
       number = {1},
          eid = {62},
        pages = {62},
          doi = {10.3847/1538-4357/aac779},
archivePrefix = {arXiv},
       eprint = {1805.10494},
 primaryClass = {astro-ph.SR},
       adsurl = {https://ui.adsabs.harvard.edu/abs/2018ApJ...861...62P},
      adsnote = {Provided by the SAO/NASA Astrophysics Data System}
}

@ARTICLE{panos21,
       author = {{Panos}, Brandon and {Kleint}, Lucia},
        title = "{Exploring Mutual Information between IRIS Spectral Lines. II. Calculating the Most Probable Response in all Spectral Windows}",
      journal = {\apj},
     keywords = {Solar flare spectra, Solar flares, Neural networks, Bayesian information criterion, 1982, 1496, 1933, 1920, Astrophysics - Solar and Stellar Astrophysics},
         year = 2021,
        month = jul,
       volume = {915},
       number = {2},
          eid = {77},
        pages = {77},
          doi = {10.3847/1538-4357/ac00c0},
archivePrefix = {arXiv},
       eprint = {2106.03463},
 primaryClass = {astro-ph.SR},
       adsurl = {https://ui.adsabs.harvard.edu/abs/2021ApJ...915...77P},
      adsnote = {Provided by the SAO/NASA Astrophysics Data System}
}

@ARTICLE{panos21_2,
       author = {{Panos}, Brandon and {Kleint}, Lucia},
        title = "{Exploring Mutual Information between IRIS Spectral Lines. II. Calculating the Most Probable Response in all Spectral Windows}",
      journal = {\apj},
     keywords = {Solar flare spectra, Solar flares, Neural networks, Bayesian information criterion, 1982, 1496, 1933, 1920, Astrophysics - Solar and Stellar Astrophysics},
         year = 2021,
        month = jul,
       volume = {915},
       number = {2},
          eid = {77},
        pages = {77},
          doi = {10.3847/1538-4357/ac00c0},
archivePrefix = {arXiv},
       eprint = {2106.03463},
 primaryClass = {astro-ph.SR},
       adsurl = {https://ui.adsabs.harvard.edu/abs/2021ApJ...915...77P},
      adsnote = {Provided by the SAO/NASA Astrophysics Data System}
}

@ARTICLE{polito23,
       author = {{Polito}, Vanessa and {Kerr}, Graham S. and {Xu}, Yan and {Sadykov}, Viacheslav M. and {Lorincik}, Juraj},
        title = "{Solar Flare Ribbon Fronts. I. Constraining Flare Energy Deposition with IRIS Spectroscopy}",
      journal = {\apj},
     keywords = {Solar flares, Solar atmosphere, Solar chromosphere, Solar activity, 1496, 1477, 1479, 1475, Astrophysics - Solar and Stellar Astrophysics},
         year = 2023,
        month = feb,
       volume = {944},
       number = {1},
          eid = {104},
        pages = {104},
          doi = {10.3847/1538-4357/acaf7c},
archivePrefix = {arXiv},
       eprint = {2211.05333},
 primaryClass = {astro-ph.SR},
       adsurl = {https://ui.adsabs.harvard.edu/abs/2023ApJ...944..104P},
      adsnote = {Provided by the SAO/NASA Astrophysics Data System}
}

@ARTICLE{henri62,
       author = {{van Regemorter}, Henri},
        title = "{Rate of Collisional Excitation in Stellar Atmospheres.}",
      journal = {\apj},
         year = 1962,
        month = nov,
       volume = {136},
        pages = {906},
          doi = {10.1086/147445},
       adsurl = {https://ui.adsabs.harvard.edu/abs/1962ApJ...136..906V},
      adsnote = {Provided by the SAO/NASA Astrophysics Data System}
}

@ARTICLE{levens19,
       author = {{Levens}, P.~J. and {Labrosse}, N.},
        title = "{Modelling of Mg II lines in solar prominences}",
      journal = {\aap},
     keywords = {Sun: filaments, prominences, line: profiles, radiative transfer, Astrophysics - Solar and Stellar Astrophysics},
         year = 2019,
        month = may,
       volume = {625},
          eid = {A30},
        pages = {A30},
          doi = {10.1051/0004-6361/201833132},
archivePrefix = {arXiv},
       eprint = {1902.00086},
 primaryClass = {astro-ph.SR},
       adsurl = {https://ui.adsabs.harvard.edu/abs/2019A&A...625A..30L},
      adsnote = {Provided by the SAO/NASA Astrophysics Data System}
}

@Article{numpy,
 title         = {Array programming with {NumPy}},
 author        = {Charles R. Harris and K. Jarrod Millman and St{\'{e}}fan J.
                 van der Walt and Ralf Gommers and Pauli Virtanen and David
                 Cournapeau and Eric Wieser and Julian Taylor and Sebastian
                 Berg and Nathaniel J. Smith and Robert Kern and Matti Picus
                 and Stephan Hoyer and Marten H. van Kerkwijk and Matthew
                 Brett and Allan Haldane and Jaime Fern{\'{a}}ndez del
                 R{\'{i}}o and Mark Wiebe and Pearu Peterson and Pierre
                 G{\'{e}}rard-Marchant and Kevin Sheppard and Tyler Reddy and
                 Warren Weckesser and Hameer Abbasi and Christoph Gohlke and
                 Travis E. Oliphant},
 year          = {2020},
 month         = sep,
 journal       = {Nature},
 volume        = {585},
 number        = {7825},
 pages         = {357--362},
 doi           = {10.1038/s41586-020-2649-2},
 publisher     = {Springer Science and Business Media {LLC}},
 url           = {https://doi.org/10.1038/s41586-020-2649-2}
}

@ARTICLE{scipy,
  author  = {Virtanen, Pauli and Gommers, Ralf and Oliphant, Travis E. and
            Haberland, Matt and Reddy, Tyler and Cournapeau, David and
            Burovski, Evgeni and Peterson, Pearu and Weckesser, Warren and
            Bright, Jonathan and {van der Walt}, St{\'e}fan J. and
            Brett, Matthew and Wilson, Joshua and Millman, K. Jarrod and
            Mayorov, Nikolay and Nelson, Andrew R. J. and Jones, Eric and
            Kern, Robert and Larson, Eric and Carey, C J and
            Polat, {\.I}lhan and Feng, Yu and Moore, Eric W. and
            {VanderPlas}, Jake and Laxalde, Denis and Perktold, Josef and
            Cimrman, Robert and Henriksen, Ian and Quintero, E. A. and
            Harris, Charles R. and Archibald, Anne M. and
            Ribeiro, Ant{\^o}nio H. and Pedregosa, Fabian and
            {van Mulbregt}, Paul and {SciPy 1.0 Contributors}},
  title   = {{{SciPy} 1.0: Fundamental Algorithms for Scientific
            Computing in Python}},
  journal = {Nature Methods},
  year    = {2020},
  volume  = {17},
  pages   = {261--272},
  adsurl  = {https://rdcu.be/b08Wh},
  doi     = {10.1038/s41592-019-0686-2},
}

@Article{matpltolib,
  Author    = {Hunter, J. D.},
  Title     = {Matplotlib: A 2D graphics environment},
  Journal   = {Computing in Science \& Engineering},
  Volume    = {9},
  Number    = {3},
  Pages     = {90--95},
  abstract  = {Matplotlib is a 2D graphics package used for Python for
  application development, interactive scripting, and publication-quality
  image generation across user interfaces and operating systems.},
  publisher = {IEEE COMPUTER SOC},
  doi       = {10.1109/MCSE.2007.55},
  year      = 2007
}

@ARTICLE{o'dwyer10,
       author = {{O'Dwyer}, B. and {Del Zanna}, G. and {Mason}, H.~E. and {Weber}, M.~A. and {Tripathi}, D.},
        title = "{SDO/AIA response to coronal hole, quiet Sun, active region, and flare plasma}",
      journal = {\aap},
     keywords = {Sun: activity, Sun: atmosphere, Sun: corona, Sun: UV radiation},
         year = 2010,
        month = oct,
       volume = {521},
          eid = {A21},
        pages = {A21},
          doi = {10.1051/0004-6361/201014872},
       adsurl = {https://ui.adsabs.harvard.edu/abs/2010A&A...521A..21O},
      adsnote = {Provided by the SAO/NASA Astrophysics Data System}
}

@ARTICLE{so,
       author = {{M{\"u}ller}, D. and {St. Cyr}, O.~C. and {Zouganelis}, I. and {Gilbert}, H.~R. and {Marsden}, R. and {Nieves-Chinchilla}, T. and {Antonucci}, E. and {Auch{\`e}re}, F. and {Berghmans}, D. and {Horbury}, T.~S. and {Howard}, R.~A. and {Krucker}, S. and {Maksimovic}, M. and {Owen}, C.~J. and {Rochus}, P. and {Rodriguez-Pacheco}, J. and {Romoli}, M. and {Solanki}, S.~K. and {Bruno}, R. and {Carlsson}, M. and {Fludra}, A. and {Harra}, L. and {Hassler}, D.~M. and {Livi}, S. and {Louarn}, P. and {Peter}, H. and {Sch{\"u}hle}, U. and {Teriaca}, L. and {del Toro Iniesta}, J.~C. and {Wimmer-Schweingruber}, R.~F. and {Marsch}, E. and {Velli}, M. and {De Groof}, A. and {Walsh}, A. and {Williams}, D.},
        title = "{The Solar Orbiter mission. Science overview}",
      journal = {\aap},
     keywords = {Sun: general, Sun: magnetic fields, Sun: activity, Sun: atmosphere, solar wind, methods: observational, Astrophysics - Solar and Stellar Astrophysics, Astrophysics - Instrumentation and Methods for Astrophysics},
         year = 2020,
        month = oct,
       volume = {642},
          eid = {A1},
        pages = {A1},
          doi = {10.1051/0004-6361/202038467},
archivePrefix = {arXiv},
       eprint = {2009.00861},
 primaryClass = {astro-ph.SR},
       adsurl = {https://ui.adsabs.harvard.edu/abs/2020A&A...642A...1M},
      adsnote = {Provided by the SAO/NASA Astrophysics Data System}
}

@ARTICLE{stix,
       author = {{Krucker}, S{\"a}m and {Hurford}, G.~J. and {Grimm}, O. and {K{\"o}gl}, S. and {Gr{\"o}belbauer}, H. -P. and {Etesi}, L. and {Casadei}, D. and {Csillaghy}, A. and {Benz}, A.~O. and {Arnold}, N.~G. and {Molendini}, F. and {Orleanski}, P. and {Schori}, D. and {Xiao}, H. and {Kuhar}, M. and {Hochmuth}, N. and {Felix}, S. and {Schramka}, F. and {Marcin}, S. and {Kobler}, S. and {Iseli}, L. and {Dreier}, M. and {Wiehl}, H.~J. and {Kleint}, L. and {Battaglia}, M. and {Lastufka}, E. and {Sathiapal}, H. and {Lapadula}, K. and {Bednarzik}, M. and {Birrer}, G. and {Stutz}, St. and {Wild}, Ch. and {Marone}, F. and {Skup}, K.~R. and {Cichocki}, A. and {Ber}, K. and {Rutkowski}, K. and {Bujwan}, W. and {Juchnikowski}, G. and {Winkler}, M. and {Darmetko}, M. and {Michalska}, M. and {Seweryn}, K. and {Bia{\l}ek}, A. and {Osica}, P. and {Sylwester}, J. and {Kowalinski}, M. and {{\'S}cis{\l}owski}, D. and {Siarkowski}, M. and {St{\k{e}}{\'s}licki}, M. and {Mrozek}, T. and {Podg{\'o}rski}, P. and {Meuris}, A. and {Limousin}, O. and {Gevin}, O. and {Le Mer}, I. and {Brun}, S. and {Strugarek}, A. and {Vilmer}, N. and {Musset}, S. and {Maksimovi{\'c}}, M. and {F{\'a}rn{\'\i}k}, F. and {Koz{\'a}{\v{c}}ek}, Z. and {Ka{\v{s}}parov{\'a}}, J. and {Mann}, G. and {{\"O}nel}, H. and {Warmuth}, A. and {Rendtel}, J. and {Anderson}, J. and {Bauer}, S. and {Dionies}, F. and {Paschke}, J. and {Pl{\"u}schke}, D. and {Woche}, M. and {Schuller}, F. and {Veronig}, A.~M. and {Dickson}, E.~C.~M. and {Gallagher}, P.~T. and {Maloney}, S.~A. and {Bloomfield}, D.~S. and {Piana}, M. and {Massone}, A.~M. and {Benvenuto}, F. and {Massa}, P. and {Schwartz}, R.~A. and {Dennis}, B.~R. and {van Beek}, H.~F. and {Rodr{\'\i}guez-Pacheco}, J. and {Lin}, R.~P.},
        title = "{The Spectrometer/Telescope for Imaging X-rays (STIX)}",
      journal = {\aap},
     keywords = {instrumentation: miscellaneous, Sun: X-rays, gamma rays, Sun: chromosphere, Sun: corona},
         year = 2020,
        month = oct,
       volume = {642},
          eid = {A15},
        pages = {A15},
          doi = {10.1051/0004-6361/201937362},
       adsurl = {https://ui.adsabs.harvard.edu/abs/2020A&A...642A..15K},
      adsnote = {Provided by the SAO/NASA Astrophysics Data System}
}



@INCOLLECTION{stix1,
       author = {{Hayes}, Laura A. and {Musset}, Sophie and {M{\"u}ller}, Daniel and {Krucker}, S{\"a}m},
        title = "{The Spectrometer Telescope for Imaging X-Rays (STIX) on Solar Orbiter}",
     keywords = {Astrophysics - Solar and Stellar Astrophysics, Astrophysics - Instrumentation and Methods for Astrophysics, Physics - Space Physics},
    booktitle = {Handbook of X-ray and Gamma-ray Astrophysics},
         year = 2022,
          eid = {96},
        pages = {96},
          doi = {10.1007/978-981-16-4544-0_168-1},
       adsurl = {https://ui.adsabs.harvard.edu/abs/2022hxga.book...96H},
      adsnote = {Provided by the SAO/NASA Astrophysics Data System}
}

@ARTICLE{stereo,
       author = {{Kaiser}, M.~L. and {Kucera}, T.~A. and {Davila}, J.~M. and {St. Cyr}, O.~C. and {Guhathakurta}, M. and {Christian}, E.},
        title = "{The STEREO Mission: An Introduction}",
      journal = {\ssr},
     keywords = {CME, Solar, Three-dimensional},
         year = 2008,
        month = apr,
       volume = {136},
       number = {1-4},
        pages = {5-16},
          doi = {10.1007/s11214-007-9277-0},
       adsurl = {https://ui.adsabs.harvard.edu/abs/2008SSRv..136....5K},
      adsnote = {Provided by the SAO/NASA Astrophysics Data System}
}

@inproceedings{euvi,
	author = {Jean-Pierre Wuelser and James R. Lemen and Theodore D. Tarbell and C. J. Wolfson and Joseph C. Cannon and Brock A. Carpenter and Dexter W. Duncan and Glenn S. Gradwohl and S. Meyer and Augustus S. Moore and Rosemarie L. Navarro and J. D. Pearson and George R. Rossi and L. Springer and Russell A. Howard and John D. Moses and Jeffrey S. Newmark and Jean-Pierre Delaboudiniere and G. E. Artzner and Frédéric Auchère and Marie Bougnet and Philippe Bouyries and Françoise Bridou and Jean-Yves Clotaire and Gerard Colas and Franck Delmotte and Arnaud Jérôme and Michel Lamare and Raymond Mercier and Michel Mullot and Marie-Françoise Ravet and Xueyan Song and Volker Bothmer and W. Deutsch},
	title = {EUVI: the STEREO-SECCHI extreme ultraviolet imager},
	booktitle = {Telescopes and Instrumentation for Solar Astrophysics},
	year = {2004},
	volume = {5171},
	pages = {111--122},
	month = {February},
	date = {2004-02-04},
	publisher = {SPIE},
	doi = {10.1117/12.506877},
	note = "\url{https://www.spiedigitallibrary.org/conference-proceedings-of-spie/5171/1/EUVI-the-STEREO-SECCHI-extreme-ultraviolet-imager/10.1117/12.506877.short} ; \url{http://ui.adsabs.harvard.edu/abs/2004SPIE.5171..111W/abstract} ; \url{https://proceedings.spiedigitallibrary.org/proceeding.aspx?articleid=768931}",
	url = {https://lens.org/036-427-088-146-812}
}

@ARTICLE{hinode,
       author = {{Kosugi}, T. and {Matsuzaki}, K. and {Sakao}, T. and {Shimizu}, T. and {Sone}, Y. and {Tachikawa}, S. and {Hashimoto}, T. and {Minesugi}, K. and {Ohnishi}, A. and {Yamada}, T. and {Tsuneta}, S. and {Hara}, H. and {Ichimoto}, K. and {Suematsu}, Y. and {Shimojo}, M. and {Watanabe}, T. and {Shimada}, S. and {Davis}, J.~M. and {Hill}, L.~D. and {Owens}, J.~K. and {Title}, A.~M. and {Culhane}, J.~L. and {Harra}, L.~K. and {Doschek}, G.~A. and {Golub}, L.},
        title = "{The Hinode (Solar-B) Mission: An Overview}",
      journal = {\solphys},
     keywords = {Solar Optical Telescope, Hinode Mission, Mission Data Processor, Hinode Spacecraft, Data Handling Unit},
         year = 2007,
        month = jun,
       volume = {243},
       number = {1},
        pages = {3-17},
          doi = {10.1007/s11207-007-9014-6},
       adsurl = {https://ui.adsabs.harvard.edu/abs/2007SoPh..243....3K},
      adsnote = {Provided by the SAO/NASA Astrophysics Data System}
}

@ARTICLE{xrt,
       author = {{Golub}, L. and {DeLuca}, E. and {Austin}, G. and {Bookbinder}, J. and {Caldwell}, D. and {Cheimets}, P. and {Cirtain}, J. and {Cosmo}, M. and {Reid}, P. and {Sette}, A. and {Weber}, M. and {Sakao}, T. and {Kano}, R. and {Shibasaki}, K. and {Hara}, H. and {Tsuneta}, S. and {Kumagai}, K. and {Tamura}, T. and {Shimojo}, M. and {McCracken}, J. and {Carpenter}, J. and {Haight}, H. and {Siler}, R. and {Wright}, E. and {Tucker}, J. and {Rutledge}, H. and {Barbera}, M. and {Peres}, G. and {Varisco}, S.},
        title = "{The X-Ray Telescope (XRT) for the Hinode Mission}",
      journal = {\solphys},
     keywords = {Polyimide, Focal Plane, Focus Mechanism, Point Spread Function, Focus Position},
         year = 2007,
        month = jun,
       volume = {243},
       number = {1},
        pages = {63-86},
          doi = {10.1007/s11207-007-0182-1},
       adsurl = {https://ui.adsabs.harvard.edu/abs/2007SoPh..243...63G},
      adsnote = {Provided by the SAO/NASA Astrophysics Data System}
}

@INPROCEEDINGS{xrs,
       author = {{Chamberlin}, Phillip C. and {Woods}, Thomas N. and {Eparvier}, Francis G. and {Jones}, Andrew R.},
        title = "{Next generation x-ray sensor (XRS) for the NOAA GOES-R satellite series}",
    booktitle = {Solar Physics and Space Weather Instrumentation III},
         year = 2009,
       editor = {{Fineschi}, Silvano and {Fennelly}, Judy A.},
       series = {Society of Photo-Optical Instrumentation Engineers (SPIE) Conference Series},
       volume = {7438},
        month = aug,
          eid = {743802},
        pages = {743802},
          doi = {10.1117/12.826807},
       adsurl = {https://ui.adsabs.harvard.edu/abs/2009SPIE.7438E..02C},
      adsnote = {Provided by the SAO/NASA Astrophysics Data System}
}

@ARTICLE{suvi,
       author = {{Darnel}, Jonathan M. and {Seaton}, Daniel B. and {Bethge}, Christian and {Rachmeler}, Laurel and {Jarvis}, Alison and {Hill}, Steven M. and {Peck}, Courtney L. and {Hughes}, J. Marcus and {Shapiro}, Jason and {Riley}, Allyssa and {Vasudevan}, Gopal and {Shing}, Lawrence and {Koener}, George and {Edwards}, Chris and {Mathur}, Dnyanesh and {Timothy}, Shelbe},
        title = "{The GOES-R Solar UltraViolet Imager}",
      journal = {Space Weather},
         year = 2022,
        month = apr,
       volume = {20},
       number = {4},
          eid = {e2022SW003044},
        pages = {e2022SW003044},
          doi = {10.1029/2022SW003044},
       adsurl = {https://ui.adsabs.harvard.edu/abs/2022SpWea..2003044D},
      adsnote = {Provided by the SAO/NASA Astrophysics Data System}
}

@ARTICLE{roy24,
       author = {{Roy}, Soumya and {Tripathi}, Durgesh},
        title = "{Evolution of the Ratio of Mg II Intensities during Solar Flares}",
      journal = {\apj},
     keywords = {Solar chromosphere, Solar flares, Solar ultraviolet emission, 1479, 1496, 1533, Astrophysics - Solar and Stellar Astrophysics},
         year = 2024,
        month = apr,
       volume = {964},
       number = {2},
          eid = {106},
        pages = {106},
          doi = {10.3847/1538-4357/ad2a46},
archivePrefix = {arXiv},
       eprint = {2402.11189},
 primaryClass = {astro-ph.SR},
       adsurl = {https://ui.adsabs.harvard.edu/abs/2024ApJ...964..106R},
      adsnote = {Provided by the SAO/NASA Astrophysics Data System}
}

@INPROCEEDINGS{golub04,
       author = {{Golub}, L. and {Deluca}, E.~E. and {Sette}, A. and {Weber}, M.},
        title = "{Differential Emission Measure Reconstruction with the SolarB X-Ray Telescope}",
    booktitle = {The Solar-B Mission and the Forefront of Solar Physics},
         year = 2004,
       editor = {{Sakurai}, T. and {Sekii}, T.},
       series = {Astronomical Society of the Pacific Conference Series},
       volume = {325},
        month = dec,
        pages = {217},
       adsurl = {https://ui.adsabs.harvard.edu/abs/2004ASPC..325..217G},
      adsnote = {Provided by the SAO/NASA Astrophysics Data System}
}

@INPROCEEDINGS{weber04,
       author = {{Weber}, M.~A. and {Deluca}, E.~E. and {Golub}, L. and {Sette}, A.~L.},
        title = "{Temperature diagnostics with multichannel imaging telescopes}",
    booktitle = {Multi-Wavelength Investigations of Solar Activity},
         year = 2004,
       editor = {{Stepanov}, Alexander V. and {Benevolenskaya}, Elena E. and {Kosovichev}, Alexander G.},
       volume = {223},
        month = jan,
        pages = {321-328},
          doi = {10.1017/S1743921304006088},
       adsurl = {https://ui.adsabs.harvard.edu/abs/2004IAUS..223..321W},
      adsnote = {Provided by the SAO/NASA Astrophysics Data System}
}

@ARTICLE{hannah&kontar12,
       author = {{Hannah}, I.~G. and {Kontar}, E.~P.},
        title = "{Differential emission measures from the regularized inversion of Hinode and SDO data}",
      journal = {\aap},
     keywords = {Sun: UV radiation, Sun: X-rays, gamma rays, Sun: corona, Sun: chromosphere, Sun: flares, Astrophysics - Solar and Stellar Astrophysics},
         year = 2012,
        month = mar,
       volume = {539},
          eid = {A146},
        pages = {A146},
          doi = {10.1051/0004-6361/201117576},
archivePrefix = {arXiv},
       eprint = {1201.2642},
 primaryClass = {astro-ph.SR},
       adsurl = {https://ui.adsabs.harvard.edu/abs/2012A&A...539A.146H},
      adsnote = {Provided by the SAO/NASA Astrophysics Data System}
}

@ARTICLE{chianti,
       author = {{Dere}, K.~P. and {Del Zanna}, G. and {Young}, P.~R. and {Landi}, E. and {Sutherland}, R.~S.},
        title = "{CHIANTI{\textemdash}An Atomic Database for Emission Lines. XV. Version 9, Improvements for the X-Ray Satellite Lines}",
      journal = {\apjs},
     keywords = {atomic data, atomic processes, ultraviolet: general, X-rays: general, Astrophysics - Solar and Stellar Astrophysics, Astrophysics - High Energy Astrophysical Phenomena, Physics - Atomic Physics},
         year = 2019,
        month = apr,
       volume = {241},
       number = {2},
          eid = {22},
        pages = {22},
          doi = {10.3847/1538-4365/ab05cf},
archivePrefix = {arXiv},
       eprint = {1902.05019},
 primaryClass = {astro-ph.SR},
       adsurl = {https://ui.adsabs.harvard.edu/abs/2019ApJS..241...22D},
      adsnote = {Provided by the SAO/NASA Astrophysics Data System}
}

@ARTICLE{chianti1,
       author = {{Dere}, K.~P. and {Landi}, E. and {Mason}, H.~E. and {Monsignori Fossi}, B.~C. and {Young}, P.~R.},
        title = "{CHIANTI - an atomic database for emission lines}",
      journal = {\aaps},
     keywords = {ATOMIC DATA, ASTRONOMICAL DATA BASES: MISCELLANEOUS, ULTRAVIOLET: GENERAL, SUN: ATMOSPHERE, STARS: ATMOSPHERE},
         year = 1997,
        month = oct,
       volume = {125},
        pages = {149-173},
          doi = {10.1051/aas:1997368},
       adsurl = {https://ui.adsabs.harvard.edu/abs/1997A&AS..125..149D},
      adsnote = {Provided by the SAO/NASA Astrophysics Data System}
}

@ARTICLE{eis,
       author = {{Culhane}, J.~L. and {Harra}, L.~K. and {James}, A.~M. and {Al-Janabi}, K. and {Bradley}, L.~J. and {Chaudry}, R.~A. and {Rees}, K. and {Tandy}, J.~A. and {Thomas}, P. and {Whillock}, M.~C.~R. and {Winter}, B. and {Doschek}, G.~A. and {Korendyke}, C.~M. and {Brown}, C.~M. and {Myers}, S. and {Mariska}, J. and {Seely}, J. and {Lang}, J. and {Kent}, B.~J. and {Shaughnessy}, B.~M. and {Young}, P.~R. and {Simnett}, G.~M. and {Castelli}, C.~M. and {Mahmoud}, S. and {Mapson-Menard}, H. and {Probyn}, B.~J. and {Thomas}, R.~J. and {Davila}, J. and {Dere}, K. and {Windt}, D. and {Shea}, J. and {Hagood}, R. and {Moye}, R. and {Hara}, H. and {Watanabe}, T. and {Matsuzaki}, K. and {Kosugi}, T. and {Hansteen}, V. and {Wikstol}, {\O}.},
        title = "{The EUV Imaging Spectrometer for Hinode}",
      journal = {\solphys},
     keywords = {Face Sheet, Carbon Fiber Reinforce Plastic, Optical Bench, Solar Optical Telescope, Instrument Control Unit},
         year = 2007,
        month = jun,
       volume = {243},
       number = {1},
        pages = {19-61},
          doi = {10.1007/s01007-007-0293-1},
       adsurl = {https://ui.adsabs.harvard.edu/abs/2007SoPh..243...19C},
      adsnote = {Provided by the SAO/NASA Astrophysics Data System}
}

@INPROCEEDINGS{trace,
       author = {{Wolfson}, J. and {Bruner}, M. and {Jurcevich}, B. and {Lemen}, J. and {Schrijver}, K. and {Shine}, R. and {Strong}, K. and {Tarbell}, T. and {Title}, A. and {Golub}, L. and {Bookbinder}, J. and {Deluca}, E. and {Acton}, L. and {Handy}, B. and {Kankelborg}, C. and {Fisher}, R.},
        title = "{The TRACE Mission}",
    booktitle = {AAS/Solar Physics Division Meeting \#28},
         year = 1997,
       series = {AAS/Solar Physics Division Meeting},
       volume = {28},
        month = may,
          eid = {01.43},
        pages = {01.43},
       adsurl = {https://ui.adsabs.harvard.edu/abs/1997SPD....28.0143W},
      adsnote = {Provided by the SAO/NASA Astrophysics Data System}
}

@ARTICLE{eit,
       author = {{Delaboudini{\`e}re}, J. -P. and {Artzner}, G.~E. and {Brunaud}, J. and {Gabriel}, A.~H. and {Hochedez}, J.~F. and {Millier}, F. and {Song}, X.~Y. and {Au}, B. and {Dere}, K.~P. and {Howard}, R.~A. and {Kreplin}, R. and {Michels}, D.~J. and {Moses}, J.~D. and {Defise}, J.~M. and {Jamar}, C. and {Rochus}, P. and {Chauvineau}, J.~P. and {Marioge}, J.~P. and {Catura}, R.~C. and {Lemen}, J.~R. and {Shing}, L. and {Stern}, R.~A. and {Gurman}, J.~B. and {Neupert}, W.~M. and {Maucherat}, A. and {Clette}, F. and {Cugnon}, P. and {Van Dessel}, E.~L.},
        title = "{EIT: Extreme-Ultraviolet Imaging Telescope for the SOHO Mission}",
      journal = {\solphys},
     keywords = {Solar X-rays, Solar EUV, Multilayer telescope},
         year = 1995,
        month = dec,
       volume = {162},
       number = {1-2},
        pages = {291-312},
          doi = {10.1007/BF00733432},
       adsurl = {https://ui.adsabs.harvard.edu/abs/1995SoPh..162..291D},
      adsnote = {Provided by the SAO/NASA Astrophysics Data System}
}

@ARTICLE{sunrise1,
       author = {{Solanki}, S.~K. and {Barthol}, P. and {Danilovic}, S. and {Feller}, A. and {Gandorfer}, A. and {Hirzberger}, J. and {Riethm{\"u}ller}, T.~L. and {Sch{\"u}ssler}, M. and {Bonet}, J.~A. and {Mart{\'\i}nez Pillet}, V. and {del Toro Iniesta}, J.~C. and {Domingo}, V. and {Palacios}, J. and {Kn{\"o}lker}, M. and {Bello Gonz{\'a}lez}, N. and {Berkefeld}, T. and {Franz}, M. and {Schmidt}, W. and {Title}, A.~M.},
        title = "{SUNRISE: Instrument, Mission, Data, and First Results}",
      journal = {\apjl},
     keywords = {Sun: chromosphere, Sun: faculae, plages, Sun: photosphere, techniques: photometric, techniques: polarimetric, techniques: spectroscopic, Astrophysics - Solar and Stellar Astrophysics},
         year = 2010,
        month = nov,
       volume = {723},
       number = {2},
        pages = {L127-L133},
          doi = {10.1088/2041-8205/723/2/L127},
archivePrefix = {arXiv},
       eprint = {1008.3460},
 primaryClass = {astro-ph.SR},
       adsurl = {https://ui.adsabs.harvard.edu/abs/2010ApJ...723L.127S},
      adsnote = {Provided by the SAO/NASA Astrophysics Data System}
}

@ARTICLE{eui,
       author = {{Rochus}, P. and {Auch{\`e}re}, F. and {Berghmans}, D. and {Harra}, L. and {Schmutz}, W. and {Sch{\"u}hle}, U. and {Addison}, P. and {Appourchaux}, T. and {Aznar Cuadrado}, R. and {Baker}, D. and {Barbay}, J. and {Bates}, D. and {BenMoussa}, A. and {Bergmann}, M. and {Beurthe}, C. and {Borgo}, B. and {Bonte}, K. and {Bouzit}, M. and {Bradley}, L. and {B{\"u}chel}, V. and {Buchlin}, E. and {B{\"u}chner}, J. and {Cab{\'e}}, F. and {Cadiergues}, L. and {Chaigneau}, M. and {Chares}, B. and {Choque Cortez}, C. and {Coker}, P. and {Condamin}, M. and {Coumar}, S. and {Curdt}, W. and {Cutler}, J. and {Davies}, D. and {Davison}, G. and {Defise}, J. -M. and {Del Zanna}, G. and {Delmotte}, F. and {Delouille}, V. and {Dolla}, L. and {Dumesnil}, C. and {D{\"u}rig}, F. and {Enge}, R. and {Fran{\c{c}}ois}, S. and {Fourmond}, J. -J. and {Gillis}, J. -M. and {Giordanengo}, B. and {Gissot}, S. and {Green}, L.~M. and {Guerreiro}, N. and {Guilbaud}, A. and {Gyo}, M. and {Haberreiter}, M. and {Hafiz}, A. and {Hailey}, M. and {Halain}, J. -P. and {Hansotte}, J. and {Hecquet}, C. and {Heerlein}, K. and {Hellin}, M. -L. and {Hemsley}, S. and {Hermans}, A. and {Hervier}, V. and {Hochedez}, J. -F. and {Houbrechts}, Y. and {Ihsan}, K. and {Jacques}, L. and {J{\'e}r{\^o}me}, A. and {Jones}, J. and {Kahle}, M. and {Kennedy}, T. and {Klaproth}, M. and {Kolleck}, M. and {Koller}, S. and {Kotsialos}, E. and {Kraaikamp}, E. and {Langer}, P. and {Lawrenson}, A. and {Le Clech'}, J. -C. and {Lenaerts}, C. and {Liebecq}, S. and {Linder}, D. and {Long}, D.~M. and {Mampaey}, B. and {Markiewicz-Innes}, D. and {Marquet}, B. and {Marsch}, E. and {Matthews}, S. and {Mazy}, E. and {Mazzoli}, A. and {Meining}, S. and {Meltchakov}, E. and {Mercier}, R. and {Meyer}, S. and {Monecke}, M. and {Monfort}, F. and {Morinaud}, G. and {Moron}, F. and {Mountney}, L. and {M{\"u}ller}, R. and {Nicula}, B. and {Parenti}, S. and {Peter}, H. and {Pfiffner}, D. and {Philippon}, A. and {Phillips}, I. and {Plesseria}, J. -Y. and {Pylyser}, E. and {Rabecki}, F. and {Ravet-Krill}, M. -F. and {Rebellato}, J. and {Renotte}, E. and {Rodriguez}, L. and {Roose}, S. and {Rosin}, J. and {Rossi}, L. and {Roth}, P. and {Rouesnel}, F. and {Roulliay}, M. and {Rousseau}, A. and {Ruane}, K. and {Scanlan}, J. and {Schlatter}, P. and {Seaton}, D.~B. and {Silliman}, K. and {Smit}, S. and {Smith}, P.~J. and {Solanki}, S.~K. and {Spescha}, M. and {Spencer}, A. and {Stegen}, K. and {Stockman}, Y. and {Szwec}, N. and {Tamiatto}, C. and {Tandy}, J. and {Teriaca}, L. and {Theobald}, C. and {Tychon}, I. and {van Driel-Gesztelyi}, L. and {Verbeeck}, C. and {Vial}, J. -C. and {Werner}, S. and {West}, M.~J. and {Westwood}, D. and {Wiegelmann}, T. and {Willis}, G. and {Winter}, B. and {Zerr}, A. and {Zhang}, X. and {Zhukov}, A.~N.},
        title = "{The Solar Orbiter EUI instrument: The Extreme Ultraviolet Imager}",
      journal = {\aap},
     keywords = {Sun: UV radiation, Sun: transition region, Sun: corona, space vehicles: instruments, telescopes, instrumentation: high angular resolution},
         year = 2020,
        month = oct,
       volume = {642},
          eid = {A8},
        pages = {A8},
          doi = {10.1051/0004-6361/201936663},
       adsurl = {https://ui.adsabs.harvard.edu/abs/2020A&A...642A...8R},
      adsnote = {Provided by the SAO/NASA Astrophysics Data System}
}

@ARTICLE{sumer,
       author = {{Wilhelm}, K. and {Curdt}, W. and {Marsch}, E. and {Sch{\"u}hle}, U. and {Lemaire}, P. and {Gabriel}, A. and {Vial}, J. -C. and {Grewing}, M. and {Huber}, M.~C.~E. and {Jordan}, S.~D. and {Poland}, A.~I. and {Thomas}, R.~J. and {K{\"u}hne}, M. and {Timothy}, J.~G. and {Hassler}, D.~M. and {Siegmund}, O.~H.~W.},
        title = "{SUMER - Solar Ultraviolet Measurements of Emitted Radiation}",
      journal = {\solphys},
     keywords = {Solar EUV Emission Lines, Coronal Heating, Solar Wind Acceleration, EUV Spectrometer},
         year = 1995,
        month = dec,
       volume = {162},
       number = {1-2},
        pages = {189-231},
          doi = {10.1007/BF00733430},
       adsurl = {https://ui.adsabs.harvard.edu/abs/1995SoPh..162..189W},
      adsnote = {Provided by the SAO/NASA Astrophysics Data System}
}

@ARTICLE{sunrise2,
       author = {{Solanki}, S.~K. and {Riethm{\"u}ller}, T.~L. and {Barthol}, P. and {Danilovic}, S. and {Deutsch}, W. and {Doerr}, H. -P. and {Feller}, A. and {Gandorfer}, A. and {Germerott}, D. and {Gizon}, L. and {Grauf}, B. and {Heerlein}, K. and {Hirzberger}, J. and {Kolleck}, M. and {Lagg}, A. and {Meller}, R. and {Tomasch}, G. and {van Noort}, M. and {Blanco Rodr{\'\i}guez}, J. and {Gasent Blesa}, J.~L. and {Balaguer Jim{\'e}nez}, M. and {Del Toro Iniesta}, J.~C. and {L{\'o}pez Jim{\'e}nez}, A.~C. and {Orozco Suarez}, D. and {Berkefeld}, T. and {Halbgewachs}, C. and {Schmidt}, W. and {{\'A}lvarez-Herrero}, A. and {Sabau-Graziati}, L. and {P{\'e}rez Grande}, I. and {Mart{\'\i}nez Pillet}, V. and {Card}, G. and {Centeno}, R. and {Kn{\"o}lker}, M. and {Lecinski}, A.},
        title = "{The Second Flight of the Sunrise Balloon-borne Solar Observatory: Overview of Instrument Updates, the Flight, the Data, and First Results}",
      journal = {\apjs},
     keywords = {Sun: chromosphere, Sun: faculae, plages, Sun: magnetic fields, Sun: photosphere, sunspots, techniques: polarimetric, Astrophysics - Solar and Stellar Astrophysics},
         year = 2017,
        month = mar,
       volume = {229},
       number = {1},
          eid = {2},
        pages = {2},
          doi = {10.3847/1538-4365/229/1/2},
archivePrefix = {arXiv},
       eprint = {1701.01555},
 primaryClass = {astro-ph.SR},
       adsurl = {https://ui.adsabs.harvard.edu/abs/2017ApJS..229....2S},
      adsnote = {Provided by the SAO/NASA Astrophysics Data System}
}

@ARTICLE{herse79,
       author = {{Herse}, M.},
        title = "{High resolution photographs of the sun near 200 nm.}",
      journal = {\solphys},
     keywords = {Astronomical Photography, Balloon-Borne Instruments, Solar Atmosphere, Solar Granulation, Telescopes, High Resolution, Photographs, Signal To Noise Ratios, Solar Observatories, Solar Simulation, Surface Properties, Temperature Dependence, Ultraviolet Spectra, Solar Physics, High Resolution, Statistical Study, High Contrast, Intensity Excess, Temperature Excess, Solar Granulation:Solar Photosphere},
         year = 1979,
        month = aug,
       volume = {63},
       number = {1},
        pages = {35-60},
          doi = {10.1007/BF00155693},
       adsurl = {https://ui.adsabs.harvard.edu/abs/1979SoPh...63...35H},
      adsnote = {Provided by the SAO/NASA Astrophysics Data System}
}

@ARTICLE{samain85,
       author = {{Samain}, D. and {Lemaire}, P.},
        title = "{Balloon-Borne Ultraviolet Solar Telescope and High Resolution Echelle Spectrograph - Instrumentation and First Results}",
      journal = {\apss},
     keywords = {Astronomical Spectroscopy, Balloon-Borne Instruments, Solar Atmosphere, Solar Instruments, Ultraviolet Telescopes, Data Reduction, Solar Spectra, Temperature Control, Solar Physics},
         year = 1985,
        month = oct,
       volume = {115},
       number = {2},
        pages = {227-241},
          doi = {10.1007/BF00653801},
       adsurl = {https://ui.adsabs.harvard.edu/abs/1985Ap&SS.115..227S},
      adsnote = {Provided by the SAO/NASA Astrophysics Data System}
}

@ARTICLE{staath95,
       author = {{Staath}, E. and {Lemaire}, P.},
        title = "{High resolution profiles of the MG II H and MG II K lines.}",
      journal = {\aap},
     keywords = {Chromosphere, H Lines, K Lines, Limb Darkening, Magnesium, Solar Atmosphere, Solar Limb, Solar Spectra, Balloon-Borne Instruments, Data Processing, Data Reduction, Spectrographs, Solar Physics, METHODS: DATA ANALYSIS, SUN: UV RADIATION, SUN: CHROMOSPHERE, LINE: PROFILES},
         year = 1995,
        month = mar,
       volume = {295},
        pages = {517-528},
       adsurl = {https://ui.adsabs.harvard.edu/abs/1995A&A...295..517S},
      adsnote = {Provided by the SAO/NASA Astrophysics Data System}
}

@ARTICLE{imax,
       author = {{Mart{\'\i}nez Pillet}, V. and {del Toro Iniesta}, J.~C. and {{\'A}lvarez-Herrero}, A. and {Domingo}, V. and {Bonet}, J.~A. and {Gonz{\'a}lez Fern{\'a}ndez}, L. and {L{\'o}pez Jim{\'e}nez}, A. and {Pastor}, C. and {Gasent Blesa}, J.~L. and {Mellado}, P. and {Piqueras}, J. and {Aparicio}, B. and {Balaguer}, M. and {Ballesteros}, E. and {Belenguer}, T. and {Bellot Rubio}, L.~R. and {Berkefeld}, T. and {Collados}, M. and {Deutsch}, W. and {Feller}, A. and {Girela}, F. and {Grauf}, B. and {Heredero}, R.~L. and {Herranz}, M. and {Jer{\'o}nimo}, J.~M. and {Laguna}, H. and {Meller}, R. and {Men{\'e}ndez}, M. and {Morales}, R. and {Orozco Su{\'a}rez}, D. and {Ramos}, G. and {Reina}, M. and {Ramos}, J.~L. and {Rodr{\'\i}guez}, P. and {S{\'a}nchez}, A. and {Uribe-Patarroyo}, N. and {Barthol}, P. and {Gandorfer}, A. and {Knoelker}, M. and {Schmidt}, W. and {Solanki}, S.~K. and {Vargas Dom{\'\i}nguez}, S.},
        title = "{The Imaging Magnetograph eXperiment (IMaX) for the Sunrise Balloon-Borne Solar Observatory}",
      journal = {\solphys},
     keywords = {Instrumentation and data management, Integrated Sun observations polarization, Magnetic fields, Velocity fields, Astrophysics - Solar and Stellar Astrophysics},
         year = 2011,
        month = jan,
       volume = {268},
       number = {1},
        pages = {57-102},
          doi = {10.1007/s11207-010-9644-y},
archivePrefix = {arXiv},
       eprint = {1009.1095},
 primaryClass = {astro-ph.SR},
       adsurl = {https://ui.adsabs.harvard.edu/abs/2011SoPh..268...57M},
      adsnote = {Provided by the SAO/NASA Astrophysics Data System}
}

@ARTICLE{sufi,
       author = {{Gandorfer}, A. and {Grauf}, B. and {Barthol}, P. and {Riethm{\"u}ller}, T.~L. and {Solanki}, S.~K. and {Chares}, B. and {Deutsch}, W. and {Ebert}, S. and {Feller}, A. and {Germerott}, D. and {Heerlein}, K. and {Heinrichs}, J. and {Hirche}, D. and {Hirzberger}, J. and {Kolleck}, M. and {Meller}, R. and {M{\"u}ller}, R. and {Sch{\"a}fer}, R. and {Tomasch}, G. and {Kn{\"o}lker}, M. and {Mart{\'\i}nez Pillet}, V. and {Bonet}, J.~A. and {Schmidt}, W. and {Berkefeld}, T. and {Feger}, B. and {Heidecke}, F. and {Soltau}, D. and {Tischenberg}, A. and {Fischer}, A. and {Title}, A. and {Anwand}, H. and {Schmidt}, E.},
        title = "{The Filter Imager SuFI and the Image Stabilization and Light Distribution System ISLiD of the Sunrise Balloon-Borne Observatory: Instrument Description}",
      journal = {\solphys},
     keywords = {Instrumentation and data management, Astrophysics - Instrumentation and Methods for Astrophysics, Astrophysics - Solar and Stellar Astrophysics},
         year = 2011,
        month = jan,
       volume = {268},
       number = {1},
        pages = {35-55},
          doi = {10.1007/s11207-010-9636-y},
archivePrefix = {arXiv},
       eprint = {1009.1037},
 primaryClass = {astro-ph.IM},
       adsurl = {https://ui.adsabs.harvard.edu/abs/2011SoPh..268...35G},
      adsnote = {Provided by the SAO/NASA Astrophysics Data System}
}

@ARTICLE{centeno17,
       author = {{Centeno}, R. and {Blanco Rodr{\'\i}guez}, J. and {Del Toro Iniesta}, J.~C. and {Solanki}, S.~K. and {Barthol}, P. and {Gandorfer}, A. and {Gizon}, L. and {Hirzberger}, J. and {Riethm{\"u}ller}, T.~L. and {van Noort}, M. and {Orozco Su{\'a}rez}, D. and {Berkefeld}, T. and {Schmidt}, W. and {Mart{\'\i}nez Pillet}, V. and {Kn{\"o}lker}, M.},
        title = "{A Tale of Two Emergences: Sunrise II Observations of Emergence Sites in a Solar Active Region}",
      journal = {\apjs},
     keywords = {Sun: chromosphere, Sun: magnetic fields, Sun: photosphere, sunspots, techniques: polarimetric, Astrophysics - Solar and Stellar Astrophysics},
         year = 2017,
        month = mar,
       volume = {229},
       number = {1},
          eid = {3},
        pages = {3},
          doi = {10.3847/1538-4365/229/1/3},
archivePrefix = {arXiv},
       eprint = {1610.03531},
 primaryClass = {astro-ph.SR},
       adsurl = {https://ui.adsabs.harvard.edu/abs/2017ApJS..229....3C},
      adsnote = {Provided by the SAO/NASA Astrophysics Data System}
}

@ARTICLE{kaithakkal17,
       author = {{Kaithakkal}, A.~J. and {Riethm{\"u}ller}, T.~L. and {Solanki}, S.~K. and {Lagg}, A. and {Barthol}, P. and {Gandorfer}, A. and {Gizon}, L. and {Hirzberger}, J. and {vanNoort}, M. and {Blanco Rodr{\'\i}guez}, J. and {Del Toro Iniesta}, J.~C. and {Orozco Su{\'a}rez}, D. and {Schmidt}, W. and {Mart{\'\i}nez Pillet}, V. and {Kn{\"o}lker}, M.},
        title = "{Moving Magnetic Features around a Pore}",
      journal = {\apjs},
     keywords = {Sun: magnetic fields, Sun: photosphere, Astrophysics - Solar and Stellar Astrophysics},
         year = 2017,
        month = mar,
       volume = {229},
       number = {1},
          eid = {13},
        pages = {13},
          doi = {10.3847/1538-4365/229/1/13},
archivePrefix = {arXiv},
       eprint = {1609.05664},
 primaryClass = {astro-ph.SR},
       adsurl = {https://ui.adsabs.harvard.edu/abs/2017ApJS..229...13K},
      adsnote = {Provided by the SAO/NASA Astrophysics Data System}
}

@ARTICLE{jafarzadeh17,
       author = {{Jafarzadeh}, S. and {Solanki}, S.~K. and {Stangalini}, M. and {Steiner}, O. and {Cameron}, R.~H. and {Danilovic}, S.},
        title = "{High-frequency Oscillations in Small Magnetic Elements Observed with Sunrise/SuFI}",
      journal = {\apjs},
     keywords = {Sun: chromosphere, Sun: oscillations, Sun: photosphere, techniques: imaging spectroscopy, Astrophysics - Solar and Stellar Astrophysics},
         year = 2017,
        month = apr,
       volume = {229},
       number = {1},
          eid = {10},
        pages = {10},
          doi = {10.3847/1538-4365/229/1/10},
archivePrefix = {arXiv},
       eprint = {1611.09302},
 primaryClass = {astro-ph.SR},
       adsurl = {https://ui.adsabs.harvard.edu/abs/2017ApJS..229...10J},
      adsnote = {Provided by the SAO/NASA Astrophysics Data System}
}

@ARTICLE{gaferia17,
       author = {{Gafeira}, R. and {Jafarzadeh}, S. and {Solanki}, S.~K. and {Lagg}, A. and {van Noort}, M. and {Barthol}, P. and {Blanco Rodr{\'\i}guez}, J. and {del Toro Iniesta}, J.~C. and {Gandorfer}, A. and {Gizon}, L. and {Hirzberger}, J. and {Kn{\"o}lker}, M. and {Orozco Su{\'a}rez}, D. and {Riethm{\"u}ller}, T.~L. and {Schmidt}, W.},
        title = "{Oscillations on Width and Intensity of Slender Ca II H Fibrils from Sunrise/SuFI}",
      journal = {\apjs},
     keywords = {Sun: chromosphere, Sun: magnetic fields, Sun: oscillations, techniques: imaging spectroscopy, Astrophysics - Solar and Stellar Astrophysics},
         year = 2017,
        month = mar,
       volume = {229},
       number = {1},
          eid = {7},
        pages = {7},
          doi = {10.3847/1538-4365/229/1/7},
archivePrefix = {arXiv},
       eprint = {1701.02801},
 primaryClass = {astro-ph.SR},
       adsurl = {https://ui.adsabs.harvard.edu/abs/2017ApJS..229....7G},
      adsnote = {Provided by the SAO/NASA Astrophysics Data System}
}

@ARTICLE{aditya,
       author = {{Tripathi}, Durgesh and {Chakrabarty}, D. and {Nandi}, A. and {Raghvendra Prasad}, B. and {Ramaprakash}, A.~N. and {Shaji}, Nigar and {Sankarasubramanian}, K. and {Satheesh Thampi}, R. and {Yadav}, V.~K.},
        title = "{The Aditya-L1 mission of ISRO}",
      journal = {arXiv e-prints},
     keywords = {Astrophysics - Solar and Stellar Astrophysics, Astrophysics - Instrumentation and Methods for Astrophysics, Physics - Space Physics},
         year = 2022,
        month = dec,
          eid = {arXiv:2212.13046},
        pages = {arXiv:2212.13046},
          doi = {10.48550/arXiv.2212.13046},
archivePrefix = {arXiv},
       eprint = {2212.13046},
 primaryClass = {astro-ph.SR},
       adsurl = {https://ui.adsabs.harvard.edu/abs/2022arXiv221213046T},
      adsnote = {Provided by the SAO/NASA Astrophysics Data System}
}

@ARTICLE{suit_algo,
       author = {{Varma}, Manoj and {u'Padinhatteeri}, Sreejith and {Sinha}, Sakya and {Tyagi}, Anurag and {Burse}, Mahesh and {Yadav}, Reena and {Kumar}, Ghanshyam and {Ramaprakash}, Anamparambu and {Tripathi}, Durgesh and {Sankarasubramanian}, K. and {Nagaraju}, Krishnappa and {Vadodariya}, Koushal and {Tadepalli}, Srikar and {Deogaonkar}, Rushikesh and {Olekar}, Manjunath and {Azaruddin}, Mohamed and {Unnikrishnan}, Amrita},
        title = "{The Solar Ultra-Violet Imaging Telescope (SUIT) Onboard Intelligence for Flare Observations}",
      journal = {\solphys},
     keywords = {Solar flares, Onboard intelligence, SUIT, Aditya-L1},
         year = 2023,
        month = feb,
       volume = {298},
       number = {2},
          eid = {16},
        pages = {16},
          doi = {10.1007/s11207-023-02108-7},
       adsurl = {https://ui.adsabs.harvard.edu/abs/2023SoPh..298...16V},
      adsnote = {Provided by the SAO/NASA Astrophysics Data System}
}

@ARTICLE{suit_science,
       author = {{Tripathi}, Durgesh and {Ramaprakash}, A. N. and et al.},
        title = "{The Solar Ultraviolet Imaging Telescope on Aditya-L1}",
      journal = {in preparation},
         year = 2024,
          doi = {},
}

@ARTICLE{suit_main,
       author = {{Tripathi}, Durgesh and {Ramaprakash}, A. N. and et al.},
        title = "{The Solar Ultraviolet Imaging Telescope on Aditya-L1}",
      journal = {in preparation},
         year = 2024,
          doi = {},
}

@ARTICLE{bethe38,
       author = {{Bethe}, H.~A. and {Critchfield}, C.~L.},
        title = "{On the Formation of Deuterons by Proton Combination}",
      journal = {Physical Review},
         year = 1938,
        month = nov,
       volume = {54},
       number = {10},
        pages = {862-862},
          doi = {10.1103/PhysRev.54.862.2},
       adsurl = {https://ui.adsabs.harvard.edu/abs/1938PhRv...54Q.862B},
      adsnote = {Provided by the SAO/NASA Astrophysics Data System}
}

@ARTICLE{bethe39,
       author = {{Bethe}, H.~A.},
        title = "{Energy Production in Stars}",
      journal = {Physical Review},
         year = 1939,
        month = mar,
       volume = {55},
       number = {5},
        pages = {434-456},
          doi = {10.1103/PhysRev.55.434},
       adsurl = {https://ui.adsabs.harvard.edu/abs/1939PhRv...55..434B},
      adsnote = {Provided by the SAO/NASA Astrophysics Data System}
}

@INPROCEEDINGS{corbard01,
       author = {{Corbard}, T. and {Jim{\'e}nez-Reyes}, S.~J. and {Tomczyk}, S. and {Dikpati}, M. and {Gilman}, P.},
        title = "{The solar tachocline and its variation (?)}",
     keywords = {SUN, TACHOCLINE, OVERSHOOT, SOLAR CYCLE, Astrophysics},
    booktitle = {SOHO 10/GONG 2000 Workshop: Helio- and Asteroseismology at the Dawn of the Millennium},
         year = 2001,
       editor = {{Wilson}, A. and {Pall{\'e}}, Pere L.},
       series = {ESA Special Publication},
       volume = {464},
        month = jan,
        pages = {265-272},
          doi = {10.48550/arXiv.astro-ph/0011367},
archivePrefix = {arXiv},
       eprint = {astro-ph/0011367},
 primaryClass = {astro-ph},
       adsurl = {https://ui.adsabs.harvard.edu/abs/2001ESASP.464..265C},
      adsnote = {Provided by the SAO/NASA Astrophysics Data System}
}

@BOOK{priest14,
       author = {{Priest}, Eric},
        title = "{Magnetohydrodynamics of the Sun}",
         year = 2014,
          doi = {10.1017/CBO9781139020732},
       adsurl = {https://ui.adsabs.harvard.edu/abs/2014masu.book.....P},
      adsnote = {Provided by the SAO/NASA Astrophysics Data System}
}

@BOOK{philips08,
       author = {{Phillips}, Kenneth J.~H. and {Feldman}, Uri and {Landi}, Enrico},
        title = "{Ultraviolet and X-ray Spectroscopy of the Solar Atmosphere}",
         year = 2008,
          doi = {10.1017/CBO9780511585968},
       adsurl = {https://ui.adsabs.harvard.edu/abs/2008uxss.book.....P},
      adsnote = {Provided by the SAO/NASA Astrophysics Data System}
}

@INPROCEEDINGS{carlsson07,
       author = {{Carlsson}, Mats P.~O. and {De Pontieu}, B. and {Tarbell}, T. and {Hansteen}, V.~H. and {McIntosh}, S. and {SOT Team}},
        title = "{Can High Frequency Acoustic Waves Heat the Quiet Sun Chromosphere?}",
    booktitle = {American Astronomical Society Meeting Abstracts \#210},
         year = 2007,
       series = {American Astronomical Society Meeting Abstracts},
       volume = {210},
        month = may,
          eid = {63.06},
        pages = {63.06},
       adsurl = {https://ui.adsabs.harvard.edu/abs/2007AAS...210.6306C},
      adsnote = {Provided by the SAO/NASA Astrophysics Data System}
}

@ARTICLE{shibata95,
       author = {{Shibata}, K. and {Masuda}, S. and {Shimojo}, M. and {Hara}, H. and {Yokoyama}, T. and {Tsuneta}, S. and {Kosugi}, T. and {Ogawara}, Y.},
        title = "{Hot-Plasma Ejections Associated with Compact-Loop Solar Flares}",
      journal = {\apjl},
     keywords = {MAGNETOHYDRODYNAMICS: MHD, GAMMA RAYS: OBSERVATIONS, SUN: FLARES, SUN: X-RAYS, GAMMA RAYS},
         year = 1995,
        month = oct,
       volume = {451},
        pages = {L83},
          doi = {10.1086/309688},
       adsurl = {https://ui.adsabs.harvard.edu/abs/1995ApJ...451L..83S},
      adsnote = {Provided by the SAO/NASA Astrophysics Data System}
}

@ARTICLE{lysenko20,
       author = {{Lysenko}, A.~L. and {Frederiks}, D.~D. and {Fleishman}, G.~D. and {Aptekar}, R.~L. and {Altyntsev}, A.~T. and {Golenetskii}, S.~V. and {Svinkin}, D.~S. and {Ulanov}, MV and {Tsvetkova}, A.~E. and {Ridnaia}, A.~V.},
        title = "{X-ray and gamma-ray emission from solar flares}",
      journal = {Physics Uspekhi},
     keywords = {heliophysics, solar flares, X-ray and gamma-ray astronomy, 95.55.Ka, 96.60. -j, 96.60.qe},
         year = 2020,
        month = nov,
       volume = {63},
       number = {8},
        pages = {818-832},
          doi = {10.3367/UFNe.2019.06.038757},
       adsurl = {https://ui.adsabs.harvard.edu/abs/2020PhyU...63..818L},
      adsnote = {Provided by the SAO/NASA Astrophysics Data System}
}

@ARTICLE{sot,
       author = {{Tsuneta}, S. and {Ichimoto}, K. and {Katsukawa}, Y. and {Nagata}, S. and {Otsubo}, M. and {Shimizu}, T. and {Suematsu}, Y. and {Nakagiri}, M. and {Noguchi}, M. and {Tarbell}, T. and {Title}, A. and {Shine}, R. and {Rosenberg}, W. and {Hoffmann}, C. and {Jurcevich}, B. and {Kushner}, G. and {Levay}, M. and {Lites}, B. and {Elmore}, D. and {Matsushita}, T. and {Kawaguchi}, N. and {Saito}, H. and {Mikami}, I. and {Hill}, L.~D. and {Owens}, J.~K.},
        title = "{The Solar Optical Telescope for the Hinode Mission: An Overview}",
      journal = {\solphys},
     keywords = {Solar-B, Hinode, Sun: magnetic fields, Sun: photosphere, Sun: chromosphere, Sun: MHD, Astrophysics},
         year = 2008,
        month = jun,
       volume = {249},
       number = {2},
        pages = {167-196},
          doi = {10.1007/s11207-008-9174-z},
archivePrefix = {arXiv},
       eprint = {0711.1715},
 primaryClass = {astro-ph},
       adsurl = {https://ui.adsabs.harvard.edu/abs/2008SoPh..249..167T},
      adsnote = {Provided by the SAO/NASA Astrophysics Data System}
}

@ARTICLE{longcope11,
       author = {{Longcope}, D.~W. and {Guidoni}, S.~E.},
        title = "{A Model for the Origin of High Density in Looptop X-Ray Sources}",
      journal = {\apj},
     keywords = {magnetic reconnection, magnetohydrodynamics: MHD, shock waves, Sun: flares, Sun: X-rays, gamma rays, Astrophysics - Solar and Stellar Astrophysics},
         year = 2011,
        month = oct,
       volume = {740},
       number = {2},
          eid = {73},
        pages = {73},
          doi = {10.1088/0004-637X/740/2/73},
archivePrefix = {arXiv},
       eprint = {1107.2441},
 primaryClass = {astro-ph.SR},
       adsurl = {https://ui.adsabs.harvard.edu/abs/2011ApJ...740...73L},
      adsnote = {Provided by the SAO/NASA Astrophysics Data System}
}

@ARTICLE{reeves17,
       author = {{Reeves}, Katharine K. and {Freed}, Michael S. and {McKenzie}, David E. and {Savage}, Sabrina L.},
        title = "{An Exploration of Heating Mechanisms in a Supra-arcade Plasma Sheet Formed after a Coronal Mass Ejection}",
      journal = {\apj},
     keywords = {Sun: activity, Sun: coronal mass ejections: CMEs, Sun: flares, Astrophysics - Solar and Stellar Astrophysics},
         year = 2017,
        month = feb,
       volume = {836},
       number = {1},
          eid = {55},
        pages = {55},
          doi = {10.3847/1538-4357/836/1/55},
archivePrefix = {arXiv},
       eprint = {1701.03497},
 primaryClass = {astro-ph.SR},
       adsurl = {https://ui.adsabs.harvard.edu/abs/2017ApJ...836...55R},
      adsnote = {Provided by the SAO/NASA Astrophysics Data System}
}

@ARTICLE{reeves19,
       author = {{Reeves}, Katharine K. and {T{\"o}r{\"o}k}, Tibor and {Miki{\'c}}, Zoran and {Linker}, Jon and {Murphy}, Nicholas A.},
        title = "{Exploring Plasma Heating in the Current Sheet Region in a Three-dimensional Coronal Mass Ejection Simulation}",
      journal = {\apj},
     keywords = {Solar coronal mass ejections, Magnetohydrodynamical simulations, Solar magnetic reconnection, Solar activity, 310, 1966, 1504, 1475, Astrophysics - Solar and Stellar Astrophysics},
         year = 2019,
        month = dec,
       volume = {887},
       number = {1},
          eid = {103},
        pages = {103},
          doi = {10.3847/1538-4357/ab4ce8},
archivePrefix = {arXiv},
       eprint = {1910.05386},
 primaryClass = {astro-ph.SR},
       adsurl = {https://ui.adsabs.harvard.edu/abs/2019ApJ...887..103R},
      adsnote = {Provided by the SAO/NASA Astrophysics Data System}
}

@ARTICLE{xie23,
       author = {{Xie}, Xiaoyan and {Reeves}, Katharine K.},
        title = "{Heating Effects of Supra-arcade Downflows on Plasma above Solar Flare Arcades}",
      journal = {\apj},
     keywords = {Solar flares, Solar activity, 1496, 1475},
         year = 2023,
        month = jan,
       volume = {942},
       number = {1},
          eid = {28},
        pages = {28},
          doi = {10.3847/1538-4357/ac9f47},
       adsurl = {https://ui.adsabs.harvard.edu/abs/2023ApJ...942...28X},
      adsnote = {Provided by the SAO/NASA Astrophysics Data System}
}

@ARTICLE{caspi10,
       author = {{Caspi}, A. and {Lin}, R.~P.},
        title = "{RHESSI Line and Continuum Observations of Super-hot Flare Plasma}",
      journal = {\apjl},
     keywords = {methods: data analysis, plasmas, radiation mechanisms: thermal, Sun: flares, Sun: X-rays, gamma rays, Astrophysics - Solar and Stellar Astrophysics, Astrophysics - High Energy Astrophysical Phenomena, Physics - Plasma Physics, Physics - Space Physics},
         year = 2010,
        month = dec,
       volume = {725},
       number = {2},
        pages = {L161-L166},
          doi = {10.1088/2041-8205/725/2/L161},
archivePrefix = {arXiv},
       eprint = {1105.2839},
 primaryClass = {astro-ph.SR},
       adsurl = {https://ui.adsabs.harvard.edu/abs/2010ApJ...725L.161C},
      adsnote = {Provided by the SAO/NASA Astrophysics Data System}
}

@ARTICLE{hilarie05,
       author = {{Saint-Hilaire}, P. and {Benz}, A.~O.},
        title = "{Thermal and non-thermal energies of solar flares}",
      journal = {\aap},
     keywords = {acceleration of particles, Sun: flares, Sun: X-rays, gamma rays},
         year = 2005,
        month = may,
       volume = {435},
       number = {2},
        pages = {743-752},
          doi = {10.1051/0004-6361:20041918},
       adsurl = {https://ui.adsabs.harvard.edu/abs/2005A&A...435..743S},
      adsnote = {Provided by the SAO/NASA Astrophysics Data System}
}

@ARTICLE{li23,
       author = {{Li}, Dong and {Warmuth}, Alexander and {Wang}, Jincheng and {Zhao}, Haisheng and {Lu}, Lei and {Zhang}, Qingmin and {Dresing}, Nina and {Vainio}, Rami and {Palmroos}, Christian and {Paassilta}, Miikka and {Fedeli}, Annamaria and {Dominique}, Marie},
        title = "{Global Energetics of Solar Powerful Events on 2017 September 6}",
      journal = {Research in Astronomy and Astrophysics},
     keywords = {Sun: flares, Sun: magnetic fields, Sun: coronal mass ejections (CMEs), Astrophysics - Solar and Stellar Astrophysics},
         year = 2023,
        month = sep,
       volume = {23},
       number = {9},
          eid = {095017},
        pages = {095017},
          doi = {10.1088/1674-4527/acd592},
archivePrefix = {arXiv},
       eprint = {2305.00381},
 primaryClass = {astro-ph.SR},
       adsurl = {https://ui.adsabs.harvard.edu/abs/2023RAA....23i5017L},
      adsnote = {Provided by the SAO/NASA Astrophysics Data System}
}

@ARTICLE{zhang19,
       author = {{Zhang}, Q.~M. and {Cheng}, J.~X. and {Feng}, L. and {Su}, Y. and {Lu}, L. and {Huang}, Y. and {Li}, D. and {Zhou}, T.~H. and {Chen}, J.~L.},
        title = "{Energy Partition in Two M-class Circular-ribbon Flares}",
      journal = {\apj},
     keywords = {Sun: flares, Sun: magnetic fields, Sun: UV radiation, Sun: X-rays, gamma rays, Astrophysics - Solar and Stellar Astrophysics},
         year = 2019,
        month = oct,
       volume = {883},
       number = {2},
          eid = {124},
        pages = {124},
          doi = {10.3847/1538-4357/ab3a52},
archivePrefix = {arXiv},
       eprint = {1908.02685},
 primaryClass = {astro-ph.SR},
       adsurl = {https://ui.adsabs.harvard.edu/abs/2019ApJ...883..124Z},
      adsnote = {Provided by the SAO/NASA Astrophysics Data System}
}

@ARTICLE{longcope22,
       author = {{Longcope}, Dana and {Qiu}, Jiong},
        title = "{Implications of High-density, High-temperature Ridges Observed in Some Two-ribbon Flares}",
      journal = {\apj},
     keywords = {Solar flares, 1496},
         year = 2022,
        month = dec,
       volume = {941},
       number = {2},
          eid = {160},
        pages = {160},
          doi = {10.3847/1538-4357/aca29a},
       adsurl = {https://ui.adsabs.harvard.edu/abs/2022ApJ...941..160L},
      adsnote = {Provided by the SAO/NASA Astrophysics Data System}
}

@ARTICLE{O'Dwyer12,
       author = {{O'Dwyer}, B. and {Del Zanna}, G. and {Badnell}, N.~R. and {Mason}, H.~E. and {Storey}, P.~J.},
        title = "{Atomic data for the X-ray lines of Fe viii and Fe ix}",
      journal = {\aap},
     keywords = {atomic data, line: identification, techniques: spectroscopic},
         year = 2012,
        month = jan,
       volume = {537},
          eid = {A22},
        pages = {A22},
          doi = {10.1051/0004-6361/201117926},
       adsurl = {https://ui.adsabs.harvard.edu/abs/2012A&A...537A..22O},
      adsnote = {Provided by the SAO/NASA Astrophysics Data System}
}

@ARTICLE{serio91,
       author = {{Serio}, S. and {Reale}, F. and {Jakimiec}, J. and {Sylwester}, B. and {Sylwester}, J.},
        title = "{Dynamics of flaring loops. I - Thermodynamic decay scaling laws}",
      journal = {\aap},
     keywords = {Scale Effect, Solar Flares, Stellar Flares, Chemical Composition, Plasma Density, Plasma Physics, Pressure Effects, Solar Corona, Stellar Models, Stellar Structure, Temperature Effects, Astrophysics},
         year = 1991,
        month = jan,
       volume = {241},
       number = {1},
        pages = {197-202},
       adsurl = {https://ui.adsabs.harvard.edu/abs/1991A&A...241..197S},
      adsnote = {Provided by the SAO/NASA Astrophysics Data System}
}

@ARTICLE{rtv78,
       author = {{Rosner}, R. and {Tucker}, W.~H. and {Vaiana}, G.~S.},
        title = "{Dynamics of the quiescent solar corona.}",
      journal = {\apj},
     keywords = {Solar Activity, Solar Corona, Solar X-Rays, X Ray Astronomy, Astronomical Models, Convective Flow, Hydrostatic Pressure, Parameterization, Plasma Control, Skylab Program, Stellar Magnetic Fields, Solar Physics, Solar Corona:Models, Solar Corona:X Rays},
         year = 1978,
        month = mar,
       volume = {220},
        pages = {643-645},
          doi = {10.1086/155949},
       adsurl = {https://ui.adsabs.harvard.edu/abs/1978ApJ...220..643R},
      adsnote = {Provided by the SAO/NASA Astrophysics Data System}
}

@ARTICLE{li18,
       author = {{Li}, Y. and {Xue}, J.~C. and {Ding}, M.~D. and {Cheng}, X. and {Su}, Y. and {Feng}, L. and {Hong}, J. and {Li}, H. and {Gan}, W.~Q.},
        title = "{Spectroscopic Observations of a Current Sheet in a Solar Flare}",
      journal = {\apjl},
     keywords = {line: profiles, magnetic reconnection, Sun: flares, Sun: UV radiation, Astrophysics - Solar and Stellar Astrophysics},
         year = 2018,
        month = jan,
       volume = {853},
       number = {1},
          eid = {L15},
        pages = {L15},
          doi = {10.3847/2041-8213/aaa6c0},
archivePrefix = {arXiv},
       eprint = {1801.03631},
 primaryClass = {astro-ph.SR},
       adsurl = {https://ui.adsabs.harvard.edu/abs/2018ApJ...853L..15L},
      adsnote = {Provided by the SAO/NASA Astrophysics Data System}
}

@ARTICLE{seaton17,
       author = {{Seaton}, Daniel B. and {Bartz}, Allison E. and {Darnel}, Jonathan M.},
        title = "{Observations of the Formation, Development, and Structure of a Current Sheet in an Eruptive Solar Flare}",
      journal = {\apj},
     keywords = {magnetic reconnection, Sun: coronal mass ejections: CMEs, Sun: flares, Sun: magnetic fields, Astrophysics - Solar and Stellar Astrophysics},
         year = 2017,
        month = feb,
       volume = {835},
       number = {2},
          eid = {139},
        pages = {139},
          doi = {10.3847/1538-4357/835/2/139},
archivePrefix = {arXiv},
       eprint = {1610.06905},
 primaryClass = {astro-ph.SR},
       adsurl = {https://ui.adsabs.harvard.edu/abs/2017ApJ...835..139S},
      adsnote = {Provided by the SAO/NASA Astrophysics Data System}
}

@ARTICLE{savage10,
       author = {{Savage}, Sabrina L. and {McKenzie}, David E. and {Reeves}, Katharine K. and {Forbes}, Terry G. and {Longcope}, Dana W.},
        title = "{Reconnection Outflows and Current Sheet Observed with Hinode/XRT in the 2008 April 9 ``Cartwheel CME'' Flare}",
      journal = {\apj},
     keywords = {magnetic reconnection, Sun: corona, Sun: coronal mass ejections: CMEs, Sun: flares, Sun: magnetic topology, Sun: X-rays, gamma rays, Astrophysics - Solar and Stellar Astrophysics},
         year = 2010,
        month = oct,
       volume = {722},
       number = {1},
        pages = {329-342},
          doi = {10.1088/0004-637X/722/1/329},
archivePrefix = {arXiv},
       eprint = {1003.4758},
 primaryClass = {astro-ph.SR},
       adsurl = {https://ui.adsabs.harvard.edu/abs/2010ApJ...722..329S},
      adsnote = {Provided by the SAO/NASA Astrophysics Data System}
}

@ARTICLE{cai22,
       author = {{Cai}, Qiangwei and {Ye}, Jing and {Feng}, Hengqiang and {Zhao}, Guoqing},
        title = "{Variations of the Plasma Environment Revealed by the Evolution of the Supra-arcade Fan in the 2017 September 10 Flare}",
      journal = {\apj},
     keywords = {Solar flares, Solar magnetic reconnection, Termination shock, 1496, 1504, 1690},
         year = 2022,
        month = apr,
       volume = {929},
       number = {1},
          eid = {99},
        pages = {99},
          doi = {10.3847/1538-4357/ac5fa4},
       adsurl = {https://ui.adsabs.harvard.edu/abs/2022ApJ...929...99C},
      adsnote = {Provided by the SAO/NASA Astrophysics Data System}
}

@ARTICLE{chen17,
       author = {{Chen}, Xin and {Liu}, Rui and {Deng}, Na and {Wang}, Haimin},
        title = "{Thermodynamics of supra-arcade downflows in solar flares}",
      journal = {\aap},
     keywords = {Sun: flares, Sun: corona, Sun: activity, Astrophysics - Solar and Stellar Astrophysics},
         year = 2017,
        month = oct,
       volume = {606},
          eid = {A84},
        pages = {A84},
          doi = {10.1051/0004-6361/201629893},
archivePrefix = {arXiv},
       eprint = {1706.03452},
 primaryClass = {astro-ph.SR},
       adsurl = {https://ui.adsabs.harvard.edu/abs/2017A&A...606A..84C},
      adsnote = {Provided by the SAO/NASA Astrophysics Data System}
}

@ARTICLE{hanneman14,
       author = {{Hanneman}, Will J. and {Reeves}, Katharine K.},
        title = "{Thermal Structure of Current Sheets and Supra-arcade Downflows in the Solar Corona}",
      journal = {\apj},
     keywords = {Sun: activity, Sun: coronal mass ejections: CMEs, Sun: flares},
         year = 2014,
        month = may,
       volume = {786},
       number = {2},
          eid = {95},
        pages = {95},
          doi = {10.1088/0004-637X/786/2/95},
       adsurl = {https://ui.adsabs.harvard.edu/abs/2014ApJ...786...95H},
      adsnote = {Provided by the SAO/NASA Astrophysics Data System}
}

@ARTICLE{warren18,
       author = {{Warren}, Harry P. and {Brooks}, David H. and {Ugarte-Urra}, Ignacio and {Reep}, Jeffrey W. and {Crump}, Nicholas A. and {Doschek}, George A.},
        title = "{Spectroscopic Observations of Current Sheet Formation and Evolution}",
      journal = {\apj},
     keywords = {Sun: corona, Sun: flares, Astrophysics - Solar and Stellar Astrophysics},
         year = 2018,
        month = feb,
       volume = {854},
       number = {2},
          eid = {122},
        pages = {122},
          doi = {10.3847/1538-4357/aaa9b8},
archivePrefix = {arXiv},
       eprint = {1711.10826},
 primaryClass = {astro-ph.SR},
       adsurl = {https://ui.adsabs.harvard.edu/abs/2018ApJ...854..122W},
      adsnote = {Provided by the SAO/NASA Astrophysics Data System}
}

@ARTICLE{warmuth20,
       author = {{Warmuth}, A. and {Mann}, G.},
        title = "{Thermal-nonthermal energy partition in solar flares derived from X-ray, EUV, and bolometric observations. Discussion of recent studies}",
      journal = {\aap},
     keywords = {Sun: flares, Sun: X-rays, gamma rays, acceleration of particles, Astrophysics - Solar and Stellar Astrophysics},
         year = 2020,
        month = dec,
       volume = {644},
          eid = {A172},
        pages = {A172},
          doi = {10.1051/0004-6361/202039529},
archivePrefix = {arXiv},
       eprint = {2011.04442},
 primaryClass = {astro-ph.SR},
       adsurl = {https://ui.adsabs.harvard.edu/abs/2020A&A...644A.172W},
      adsnote = {Provided by the SAO/NASA Astrophysics Data System}
}

@ARTICLE{bataglia05,
       author = {{Battaglia}, M. and {Grigis}, P.~C. and {Benz}, A.~O.},
        title = "{Size dependence of solar X-ray flare properties}",
      journal = {\aap},
     keywords = {Sun: flares, Sun: X-rays, {\ensuremath{\gamma}}-rays, acceleration of particles, Astrophysics},
         year = 2005,
        month = aug,
       volume = {439},
       number = {2},
        pages = {737-747},
          doi = {10.1051/0004-6361:20053027},
archivePrefix = {arXiv},
       eprint = {astro-ph/0505154},
 primaryClass = {astro-ph},
       adsurl = {https://ui.adsabs.harvard.edu/abs/2005A&A...439..737B},
      adsnote = {Provided by the SAO/NASA Astrophysics Data System}
}

@ARTICLE{ryan14,
       author = {{Ryan}, Daniel F. and {O'Flannagain}, Aidan M. and {Aschwanden}, Markus J. and {Gallagher}, Peter T.},
        title = "{The Compatibility of Flare Temperatures Observed with AIA, GOES, and RHESSI}",
      journal = {\solphys},
     keywords = {Sun: corona, Sun: EUV, Sun: flares, Astrophysics - Solar and Stellar Astrophysics},
         year = 2014,
        month = jul,
       volume = {289},
       number = {7},
        pages = {2547-2563},
          doi = {10.1007/s11207-014-0492-z},
archivePrefix = {arXiv},
       eprint = {1401.4098},
 primaryClass = {astro-ph.SR},
       adsurl = {https://ui.adsabs.harvard.edu/abs/2014SoPh..289.2547R},
      adsnote = {Provided by the SAO/NASA Astrophysics Data System}
}

@ARTICLE{warmuth13a,
       author = {{Warmuth}, A. and {Mann}, G.},
        title = "{Thermal and nonthermal hard X-ray source sizes in solar flares obtained from RHESSI observations. I. Observations and evaluation of methods}",
      journal = {\aap},
     keywords = {Sun: flares, Sun: X-rays, gamma rays, acceleration of particles},
         year = 2013,
        month = apr,
       volume = {552},
          eid = {A86},
        pages = {A86},
          doi = {10.1051/0004-6361/201219354},
       adsurl = {https://ui.adsabs.harvard.edu/abs/2013A&A...552A..86W},
      adsnote = {Provided by the SAO/NASA Astrophysics Data System}
}

@ARTICLE{warmuth13b,
       author = {{Warmuth}, A. and {Mann}, G.},
        title = "{Thermal and nonthermal hard X-ray source sizes in solar flares obtained from RHESSI observations. II. Scaling relations and temporal evolution}",
      journal = {\aap},
     keywords = {Sun: flares, Sun: X-rays, gamma rays, acceleration of particles},
         year = 2013,
        month = apr,
       volume = {552},
          eid = {A87},
        pages = {A87},
          doi = {10.1051/0004-6361/201219355},
       adsurl = {https://ui.adsabs.harvard.edu/abs/2013A&A...552A..87W},
      adsnote = {Provided by the SAO/NASA Astrophysics Data System}
}

@ARTICLE{dennis09,
       author = {{Dennis}, Brian R. and {Pernak}, Rick L.},
        title = "{Hard X-Ray Flare Source Sizes Measured with the Ramaty High Energy Solar Spectroscopic Imager}",
      journal = {\apj},
     keywords = {Sun: flares, Sun: X-rays, gamma rays, techniques: image processing},
         year = 2009,
        month = jun,
       volume = {698},
       number = {2},
        pages = {2131-2143},
          doi = {10.1088/0004-637X/698/2/2131},
       adsurl = {https://ui.adsabs.harvard.edu/abs/2009ApJ...698.2131D},
      adsnote = {Provided by the SAO/NASA Astrophysics Data System}
}

